T,s,p,q
1761315929775,ETHUSDT,3904.72000000,0.25590000
1761315929805,BTCUSDT,109825.75000000,0.01567000
1761315929841,BTCUSDT,109825.74000000,0.00012000
1761315929860,ETHUSDT,3904.72000000,0.00150000
1761315929876,ETHUSDT,3904.71000000,0.00150000
1761315929876,ETHUSDT,3904.71000000,0.00150000
1761315929876,ETHUSDT,3904.71000000,0.00140000
1761315929876,ETHUSDT,3904.71000000,0.00150000
1761315929876,ETHUSDT,3904.71000000,0.00150000
1761315929876,ETHUSDT,3904.71000000,0.00140000
1761315929876,ETHUSDT,3904.71000000,0.01270000
1761315929876,ETHUSDT,3904.71000000,0.00140000
1761315929876,ETHUSDT,3904.71000000,0.00140000
1761315929876,ETHUSDT,3904.71000000,0.00140000
1761315929877,ETHUSDT,3904.70000000,0.00510000
1761315929877,ETHUSDT,3904.70000000,0.00140000
1761315929877,ETHUSDT,3904.69000000,0.00130000
1761315929877,ETHUSDT,3904.69000000,0.00130000
1761315929877,ETHUSDT,3904.69000000,0.00140000
1761315929877,ETHUSDT,3904.68000000,0.01540000
1761315929877,ETHUSDT,3904.68000000,0.07690000
1761315929877,ETHUSDT,3904.68000000,0.00140000
1761315929877,ETHUSDT,3904.68000000,0.00150000
1761315929877,ETHUSDT,3904.68000000,0.00150000
1761315929877,ETHUSDT,3904.66000000,0.00140000
1761315929877,ETHUSDT,3904.65000000,0.00140000
1761315929877,ETHUSDT,3904.64000000,0.00140000
1761315929879,ETHUSDT,3904.62000000,0.00140000
1761315929879,ETHUSDT,3904.61000000,0.00140000
1761315929879,ETHUSDT,3904.60000000,0.00140000
1761315929885,ETHUSDT,3904.50000000,0.00130000
1761315929885,ETHUSDT,3904.50000000,0.00160000
1761315929885,ETHUSDT,3904.50000000,0.00140000
1761315929885,ETHUSDT,3904.50000000,0.00140000
1761315929885,ETHUSDT,3904.50000000,0.00140000
1761315929885,ETHUSDT,3904.50000000,0.00150000
1761315929885,ETHUSDT,3904.50000000,0.00140000
1761315929885,ETHUSDT,3904.50000000,0.00140000
1761315929885,ETHUSDT,3904.50000000,0.00140000
1761315929885,ETHUSDT,3904.50000000,0.00140000
1761315929885,ETHUSDT,3904.50000000,0.00140000
1761315929885,ETHUSDT,3904.49000000,0.00140000
1761315929885,ETHUSDT,3904.49000000,0.00140000
1761315929885,ETHUSDT,3904.49000000,0.00140000
1761315929885,ETHUSDT,3904.49000000,0.00140000
1761315929885,ETHUSDT,3904.49000000,0.00140000
1761315929885,ETHUSDT,3904.49000000,0.00140000
1761315929885,ETHUSDT,3904.49000000,0.00140000
1761315929885,ETHUSDT,3904.48000000,0.01280000
1761315929885,ETHUSDT,3904.48000000,0.00150000
1761315929885,ETHUSDT,3904.48000000,0.00150000
1761315929885,ETHUSDT,3904.48000000,0.00140000
1761315929885,ETHUSDT,3904.44000000,0.07580000
1761315929885,ETHUSDT,3904.44000000,0.00150000
1761315929885,ETHUSDT,3904.44000000,0.00150000
1761315929885,ETHUSDT,3904.44000000,0.00140000
1761315929885,ETHUSDT,3904.43000000,0.05130000
1761315929885,ETHUSDT,3904.43000000,0.00200000
1761315929885,ETHUSDT,3904.43000000,0.00150000
1761315929885,ETHUSDT,3904.43000000,0.00150000
1761315929885,ETHUSDT,3904.43000000,0.00140000
1761315929895,ETHUSDT,3904.39000000,0.00690000
1761315929895,ETHUSDT,3904.39000000,0.00510000
1761315929895,ETHUSDT,3904.39000000,0.00140000
1761315929895,ETHUSDT,3904.39000000,0.00140000
1761315929895,ETHUSDT,3904.39000000,0.00150000
1761315929895,ETHUSDT,3904.39000000,0.00140000
1761315929895,ETHUSDT,3904.39000000,0.00140000
1761315929895,ETHUSDT,3904.39000000,0.00140000
1761315929895,ETHUSDT,3904.39000000,0.00140000
1761315929895,ETHUSDT,3904.39000000,0.00140000
1761315929895,ETHUSDT,3904.39000000,0.00140000
1761315929895,ETHUSDT,3904.39000000,0.00140000
1761315929895,ETHUSDT,3904.39000000,0.00140000
1761315929895,ETHUSDT,3904.39000000,0.00140000
1761315929895,ETHUSDT,3904.39000000,0.00140000
1761315929895,ETHUSDT,3904.39000000,0.00140000
1761315929895,ETHUSDT,3904.39000000,0.00140000
1761315929895,ETHUSDT,3904.39000000,0.00140000
1761315929895,ETHUSDT,3904.38000000,0.51410000
1761315929895,ETHUSDT,3904.38000000,0.06400000
1761315929895,ETHUSDT,3904.38000000,0.00140000
1761315929895,ETHUSDT,3904.38000000,0.00140000
1761315929895,ETHUSDT,3904.38000000,0.00140000
1761315929895,ETHUSDT,3904.38000000,0.00140000
1761315929895,ETHUSDT,3904.38000000,0.00140000
1761315929895,ETHUSDT,3904.38000000,0.00140000
1761315929895,ETHUSDT,3904.38000000,0.00140000
1761315929895,ETHUSDT,3904.38000000,0.00140000
1761315929895,ETHUSDT,3904.38000000,0.00140000
1761315929895,ETHUSDT,3904.38000000,0.00140000
1761315929895,ETHUSDT,3904.38000000,0.00140000
1761315929895,ETHUSDT,3904.38000000,0.00140000
1761315929895,ETHUSDT,3904.38000000,0.00150000
1761315929895,ETHUSDT,3904.34000000,0.03850000
1761315929895,ETHUSDT,3904.34000000,0.00140000
1761315929895,ETHUSDT,3904.34000000,0.00150000
1761315929895,ETHUSDT,3904.32000000,0.00200000
1761315929895,ETHUSDT,3904.32000000,0.00140000
1761315929895,ETHUSDT,3904.31000000,0.00130000
1761315929895,ETHUSDT,3904.31000000,0.00130000
1761315929895,ETHUSDT,3904.31000000,0.00140000
1761315929897,ETHUSDT,3904.29000000,0.07690000
1761315929897,ETHUSDT,3904.29000000,0.01540000
1761315929897,ETHUSDT,3904.29000000,0.00510000
1761315929897,ETHUSDT,3904.29000000,0.00140000
1761315929897,ETHUSDT,3904.29000000,0.00140000
1761315929897,ETHUSDT,3904.29000000,0.00140000
1761315929897,ETHUSDT,3904.28000000,0.00140000
1761315929897,ETHUSDT,3904.28000000,0.00140000
1761315929897,ETHUSDT,3904.28000000,0.00140000
1761315929897,ETHUSDT,3904.26000000,0.00260000
1761315929897,ETHUSDT,3904.26000000,0.00140000
1761315929897,ETHUSDT,3904.15000000,0.00140000
1761315929897,ETHUSDT,3904.13000000,0.00260000
1761315929897,ETHUSDT,3904.13000000,0.00140000
1761315929897,ETHUSDT,3904.12000000,0.00130000
1761315929897,ETHUSDT,3904.12000000,0.00160000
1761315929897,ETHUSDT,3904.12000000,0.00130000
1761315929897,ETHUSDT,3904.09000000,0.00140000
1761315929897,ETHUSDT,3904.09000000,0.00140000
1761315929897,ETHUSDT,3904.09000000,0.00140000
1761315929897,ETHUSDT,3904.05000000,0.00390000
1761315929897,ETHUSDT,3904.05000000,0.00140000
1761315929897,ETHUSDT,3904.05000000,0.00260000
1761315929897,ETHUSDT,3904.04000000,0.05130000
1761315929897,ETHUSDT,3904.04000000,0.00150000
1761315929897,ETHUSDT,3904.04000000,0.00140000
1761315929897,ETHUSDT,3904.04000000,0.00140000
1761315929897,ETHUSDT,3904.04000000,0.00140000
1761315929897,ETHUSDT,3904.03000000,0.00200000
1761315929897,ETHUSDT,3904.03000000,0.00140000
1761315929897,ETHUSDT,3904.03000000,0.00140000
1761315929897,ETHUSDT,3904.03000000,0.00140000
1761315929897,ETHUSDT,3904.01000000,0.00260000
1761315929897,ETHUSDT,3904.01000000,0.00140000
1761315929897,ETHUSDT,3904.01000000,0.00140000
1761315929897,ETHUSDT,3904.01000000,0.00140000
1761315929897,ETHUSDT,3904.00000000,0.00130000
1761315929897,ETHUSDT,3904.00000000,0.05000000
1761315929897,ETHUSDT,3903.99000000,0.02980000
1761315929897,ETHUSDT,3903.99000000,0.00140000
1761315929897,ETHUSDT,3903.98000000,0.22820000
1761315929900,ETHUSDT,3903.98000000,0.00150000
1761315929911,BTCUSDT,109825.74000000,0.04552000
1761315929936,BTCUSDT,109825.74000000,0.00934000
1761315929936,BTCUSDT,109825.74000000,0.00005000
1761315929936,BTCUSDT,109825.74000000,0.00005000
1761315929936,BTCUSDT,109825.74000000,0.00005000
1761315929936,BTCUSDT,109825.74000000,0.00005000
1761315929936,BTCUSDT,109825.74000000,0.00005000
1761315929936,BTCUSDT,109825.74000000,0.00005000
1761315929936,BTCUSDT,109825.74000000,0.00005000
1761315929936,BTCUSDT,109825.74000000,0.00005000
1761315929936,BTCUSDT,109825.74000000,0.00005000
1761315929936,BTCUSDT,109825.74000000,0.00005000
1761315929936,BTCUSDT,109825.74000000,0.00005000
1761315929936,BTCUSDT,109825.74000000,0.00005000
1761315929936,BTCUSDT,109825.74000000,0.00005000
1761315929936,BTCUSDT,109825.74000000,0.00005000
1761315929936,BTCUSDT,109825.74000000,0.00005000
1761315929936,BTCUSDT,109825.74000000,0.00005000
1761315929936,BTCUSDT,109825.74000000,0.00005000
1761315929936,BTCUSDT,109825.74000000,0.00005000
1761315929936,BTCUSDT,109825.74000000,0.00005000
1761315929936,BTCUSDT,109825.74000000,0.00005000
1761315929936,BTCUSDT,109825.74000000,0.00005000
1761315929936,BTCUSDT,109825.74000000,0.00005000
1761315929936,BTCUSDT,109825.74000000,0.00005000
1761315929936,BTCUSDT,109825.74000000,0.00005000
1761315929936,BTCUSDT,109825.74000000,0.00005000
1761315929936,BTCUSDT,109825.74000000,0.00005000
1761315929936,BTCUSDT,109825.74000000,0.00005000
1761315929936,BTCUSDT,109825.74000000,0.00005000
1761315929936,BTCUSDT,109825.74000000,0.00005000
1761315929936,BTCUSDT,109825.74000000,0.00005000
1761315929936,BTCUSDT,109825.74000000,0.00005000
1761315929936,BTCUSDT,109825.74000000,0.00449000
1761315929936,BTCUSDT,109825.74000000,0.00005000
1761315929936,BTCUSDT,109825.74000000,0.00005000
1761315929936,BTCUSDT,109825.74000000,0.00005000
1761315929936,BTCUSDT,109825.74000000,0.00005000
1761315929936,BTCUSDT,109825.74000000,0.00005000
1761315929936,BTCUSDT,109825.74000000,0.00005000
1761315929936,BTCUSDT,109825.74000000,0.00005000
1761315929936,BTCUSDT,109825.74000000,0.00005000
1761315929936,BTCUSDT,109825.74000000,0.00005000
1761315929936,BTCUSDT,109825.73000000,0.00005000
1761315929936,BTCUSDT,109825.73000000,0.00005000
1761315929936,BTCUSDT,109825.73000000,0.00005000
1761315929936,BTCUSDT,109825.73000000,0.00005000
1761315929936,BTCUSDT,109825.73000000,0.00005000
1761315929936,BTCUSDT,109825.73000000,0.00005000
1761315929936,BTCUSDT,109825.73000000,0.00005000
1761315929936,BTCUSDT,109825.73000000,0.00005000
1761315929936,BTCUSDT,109825.73000000,0.00005000
1761315929936,BTCUSDT,109825.73000000,0.00005000
1761315929936,BTCUSDT,109825.73000000,0.00005000
1761315929936,BTCUSDT,109825.73000000,0.00005000
1761315929936,BTCUSDT,109825.73000000,0.00005000
1761315929936,BTCUSDT,109825.73000000,0.00005000
1761315929936,BTCUSDT,109825.73000000,0.00005000
1761315929936,BTCUSDT,109825.73000000,0.00005000
1761315929936,BTCUSDT,109825.73000000,0.00005000
1761315929936,BTCUSDT,109825.73000000,0.00005000
1761315929936,BTCUSDT,109825.65000000,0.00200000
1761315929936,BTCUSDT,109825.65000000,0.00005000
1761315929936,BTCUSDT,109825.65000000,0.00005000
1761315929936,BTCUSDT,109825.65000000,0.00005000
1761315929936,BTCUSDT,109825.65000000,0.00005000
1761315929936,BTCUSDT,109824.68000000,0.00005000
1761315929939,BTCUSDT,109824.00000000,0.00005000
1761315929939,BTCUSDT,109824.00000000,0.00006000
1761315929939,BTCUSDT,109824.00000000,0.00005000
1761315929939,BTCUSDT,109824.00000000,0.00005000
1761315929939,BTCUSDT,109824.00000000,0.00005000
1761315929939,BTCUSDT,109824.00000000,0.00005000
1761315929939,BTCUSDT,109824.00000000,0.00005000
1761315929939,BTCUSDT,109823.99000000,0.00005000
1761315929939,BTCUSDT,109823.99000000,0.00005000
1761315929939,BTCUSDT,109823.99000000,0.00005000
1761315929939,BTCUSDT,109823.99000000,0.00005000
1761315929939,BTCUSDT,109823.99000000,0.00005000
1761315929939,BTCUSDT,109823.99000000,0.00005000
1761315929952,BTCUSDT,109821.81000000,0.00546000
1761315929952,BTCUSDT,109821.81000000,0.00005000
1761315929952,BTCUSDT,109821.81000000,0.00005000
1761315929952,BTCUSDT,109821.81000000,0.00005000
1761315929952,BTCUSDT,109821.81000000,0.00005000
1761315929952,BTCUSDT,109821.81000000,0.00005000
1761315929952,BTCUSDT,109821.81000000,0.00005000
1761315929952,BTCUSDT,109821.81000000,0.00005000
1761315929952,BTCUSDT,109821.81000000,0.00005000
1761315929952,BTCUSDT,109821.81000000,0.00005000
1761315929952,BTCUSDT,109821.81000000,0.00005000
1761315929952,BTCUSDT,109821.81000000,0.00005000
1761315929952,BTCUSDT,109821.81000000,0.00005000
1761315929952,BTCUSDT,109821.81000000,0.00005000
1761315929952,BTCUSDT,109821.81000000,0.00005000
1761315929952,BTCUSDT,109821.81000000,0.00005000
1761315929952,BTCUSDT,109821.81000000,0.00005000
1761315929952,BTCUSDT,109821.81000000,0.00005000
1761315929952,BTCUSDT,109821.81000000,0.00005000
1761315929952,BTCUSDT,109821.81000000,0.00005000
1761315929952,BTCUSDT,109821.81000000,0.00005000
1761315929952,BTCUSDT,109821.81000000,0.00005000
1761315929952,BTCUSDT,109821.80000000,0.00005000
1761315929952,BTCUSDT,109821.80000000,0.00005000
1761315929952,BTCUSDT,109821.80000000,0.00005000
1761315929952,BTCUSDT,109821.80000000,0.00005000
1761315929952,BTCUSDT,109821.80000000,0.00005000
1761315929952,BTCUSDT,109821.80000000,0.00005000
1761315929952,BTCUSDT,109821.80000000,0.00005000
1761315929952,BTCUSDT,109821.80000000,0.00005000
1761315929952,BTCUSDT,109821.80000000,0.00005000
1761315929952,BTCUSDT,109821.80000000,0.00005000
1761315929952,BTCUSDT,109821.80000000,0.00005000
1761315929952,BTCUSDT,109821.80000000,0.00005000
1761315929952,BTCUSDT,109821.80000000,0.00005000
1761315929952,BTCUSDT,109821.80000000,0.00005000
1761315929952,BTCUSDT,109821.80000000,0.00005000
1761315929952,BTCUSDT,109821.80000000,0.00005000
1761315929952,BTCUSDT,109821.06000000,0.00005000
1761315929952,BTCUSDT,109820.96000000,0.00005000
1761315929952,BTCUSDT,109820.96000000,0.00005000
1761315929952,BTCUSDT,109820.96000000,0.00005000
1761315929952,BTCUSDT,109820.95000000,0.00298000
1761315929956,ETHUSDT,3903.98000000,0.00140000
1761315929956,ETHUSDT,3903.98000000,0.00140000
1761315929956,ETHUSDT,3903.98000000,0.00140000
1761315929956,ETHUSDT,3903.98000000,0.00150000
1761315929956,ETHUSDT,3903.98000000,0.00140000
1761315929956,ETHUSDT,3903.98000000,0.00140000
1761315929969,ETHUSDT,3903.97000000,0.00140000
1761315929969,ETHUSDT,3903.97000000,0.00140000
1761315929969,ETHUSDT,3903.97000000,0.00140000
1761315929969,ETHUSDT,3903.97000000,0.00140000
1761315929969,ETHUSDT,3903.97000000,0.00140000
1761315929969,ETHUSDT,3903.97000000,0.00140000
1761315929969,ETHUSDT,3903.97000000,0.00140000
1761315929969,ETHUSDT,3903.97000000,0.00140000
1761315929969,ETHUSDT,3903.97000000,0.00140000
1761315929969,ETHUSDT,3903.97000000,0.00140000
1761315929969,ETHUSDT,3903.97000000,0.00140000
1761315929969,ETHUSDT,3903.97000000,0.00140000
1761315929969,ETHUSDT,3903.97000000,0.00140000
1761315929969,ETHUSDT,3903.96000000,0.00140000
1761315929969,ETHUSDT,3903.96000000,0.00140000
1761315929969,ETHUSDT,3903.96000000,0.00140000
1761315929969,ETHUSDT,3903.96000000,0.00140000
1761315929969,ETHUSDT,3903.96000000,0.00140000
1761315929969,ETHUSDT,3903.96000000,0.00140000
1761315929969,ETHUSDT,3903.96000000,0.00140000
1761315929969,ETHUSDT,3903.96000000,0.00140000
1761315929969,ETHUSDT,3903.96000000,0.00140000
1761315929969,ETHUSDT,3903.96000000,0.00140000
1761315929969,ETHUSDT,3903.95000000,0.03850000
1761315929969,ETHUSDT,3903.95000000,0.00140000
1761315929969,ETHUSDT,3903.95000000,0.00150000
1761315929969,ETHUSDT,3903.93000000,0.00130000
1761315929969,ETHUSDT,3903.93000000,0.00130000
1761315929969,ETHUSDT,3903.93000000,0.00140000
1761315929969,ETHUSDT,3903.92000000,0.00140000
1761315929969,ETHUSDT,3903.90000000,0.07690000
1761315929969,ETHUSDT,3903.90000000,0.01540000
1761315929969,ETHUSDT,3903.90000000,0.00150000
1761315929969,ETHUSDT,3903.90000000,0.00140000
1761315929982,BTCUSDT,109820.96000000,0.04392000
1761315929982,BTCUSDT,109820.96000000,0.00158000
1761315929985,BTCUSDT,109820.95000000,0.00030000
1761315929996,ETHUSDT,3903.85000000,0.00150000
1761315929996,ETHUSDT,3903.85000000,0.00150000
1761315929996,ETHUSDT,3903.85000000,0.00140000
1761315929996,ETHUSDT,3903.85000000,0.25180000
1761315930019,ETHUSDT,3903.86000000,0.00150000
1761315930129,BTCUSDT,109820.95000000,0.00025000
1761315930130,ETHUSDT,3903.85000000,0.00140000
1761315930130,ETHUSDT,3903.85000000,0.00140000
1761315930130,ETHUSDT,3903.85000000,0.00140000
1761315930130,ETHUSDT,3903.85000000,0.00150000
1761315930130,ETHUSDT,3903.85000000,0.00140000
1761315930130,ETHUSDT,3903.85000000,0.00140000
1761315930130,ETHUSDT,3903.85000000,0.00140000
1761315930130,ETHUSDT,3903.85000000,0.00150000
1761315930130,ETHUSDT,3903.85000000,0.00140000
1761315930130,ETHUSDT,3903.85000000,0.00140000
1761315930130,ETHUSDT,3903.85000000,0.00140000
1761315930130,ETHUSDT,3903.85000000,0.00140000
1761315930130,ETHUSDT,3903.85000000,0.00140000
1761315930130,ETHUSDT,3903.85000000,0.00140000
1761315930130,ETHUSDT,3903.85000000,0.00140000
1761315930130,ETHUSDT,3903.85000000,0.00140000
1761315930130,ETHUSDT,3903.84000000,0.00140000
1761315930130,ETHUSDT,3903.84000000,0.00140000
1761315930130,ETHUSDT,3903.84000000,0.00140000
1761315930130,ETHUSDT,3903.84000000,0.00140000
1761315930130,ETHUSDT,3903.84000000,0.00140000
1761315930130,ETHUSDT,3903.84000000,0.00140000
1761315930130,ETHUSDT,3903.84000000,0.00140000
1761315930130,ETHUSDT,3903.84000000,0.00140000
1761315930130,ETHUSDT,3903.84000000,0.00150000
1761315930130,ETHUSDT,3903.84000000,0.00140000
1761315930130,ETHUSDT,3903.84000000,0.00140000
1761315930130,ETHUSDT,3903.84000000,0.00140000
1761315930130,ETHUSDT,3903.84000000,0.00140000
1761315930130,ETHUSDT,3903.84000000,0.00140000
1761315930130,ETHUSDT,3903.84000000,0.00140000
1761315930137,ETHUSDT,3903.81000000,0.00140000
1761315930137,ETHUSDT,3903.81000000,0.00140000
1761315930137,ETHUSDT,3903.81000000,0.00140000
1761315930137,ETHUSDT,3903.81000000,0.00140000
1761315930137,ETHUSDT,3903.81000000,0.00140000
1761315930137,ETHUSDT,3903.81000000,0.00140000
1761315930137,ETHUSDT,3903.81000000,0.00140000
1761315930137,ETHUSDT,3903.81000000,0.00140000
1761315930137,ETHUSDT,3903.81000000,0.00140000
1761315930137,ETHUSDT,3903.81000000,0.00140000
1761315930137,ETHUSDT,3903.81000000,0.00150000
1761315930137,ETHUSDT,3903.81000000,0.00140000
1761315930137,ETHUSDT,3903.81000000,0.00150000
1761315930137,ETHUSDT,3903.81000000,0.00150000
1761315930137,ETHUSDT,3903.80000000,0.00140000
1761315930137,ETHUSDT,3903.80000000,0.00140000
1761315930137,ETHUSDT,3903.80000000,0.00140000
1761315930137,ETHUSDT,3903.80000000,0.00140000
1761315930137,ETHUSDT,3903.80000000,0.00140000
1761315930137,ETHUSDT,3903.80000000,0.00140000
1761315930137,ETHUSDT,3903.80000000,0.00140000
1761315930137,ETHUSDT,3903.80000000,0.00140000
1761315930137,ETHUSDT,3903.80000000,0.00140000
1761315930137,ETHUSDT,3903.80000000,0.00140000
1761315930137,ETHUSDT,3903.80000000,0.00140000
1761315930137,ETHUSDT,3903.75000000,0.00140000
1761315930137,ETHUSDT,3903.74000000,0.00130000
1761315930137,ETHUSDT,3903.74000000,0.00160000
1761315930137,ETHUSDT,3903.74000000,0.00130000
1761315930137,ETHUSDT,3903.74000000,0.00140000
1761315930137,ETHUSDT,3903.73000000,0.00140000
1761315930137,ETHUSDT,3903.71000000,0.12810000
1761315930137,ETHUSDT,3903.71000000,0.00140000
1761315930137,ETHUSDT,3903.71000000,0.00150000
1761315930137,ETHUSDT,3903.71000000,0.00150000
1761315930137,ETHUSDT,3903.69000000,0.01000000
1761315930137,ETHUSDT,3903.69000000,0.00150000
1761315930137,ETHUSDT,3903.69000000,0.00140000
1761315930137,ETHUSDT,3903.69000000,0.00150000
1761315930137,ETHUSDT,3903.67000000,0.00140000
1761315930137,ETHUSDT,3903.66000000,0.00140000
1761315930137,ETHUSDT,3903.66000000,0.00140000
1761315930137,ETHUSDT,3903.66000000,0.00140000
1761315930137,ETHUSDT,3903.66000000,0.00140000
1761315930137,ETHUSDT,3903.65000000,0.05130000
1761315930137,ETHUSDT,3903.65000000,0.01300000
1761315930137,ETHUSDT,3903.65000000,0.24310000
1761315930137,ETHUSDT,3903.65000000,0.00150000
1761315930137,ETHUSDT,3903.65000000,0.00150000
1761315930141,ETHUSDT,3903.61000000,0.00300000
1761315930153,ETHUSDT,3903.61000000,0.00200000
1761315930177,ETHUSDT,3903.62000000,0.05120000
1761315930190,ETHUSDT,3903.61000000,0.00010000
1761315930190,ETHUSDT,3903.61000000,0.00140000
1761315930190,ETHUSDT,3903.61000000,0.00050000
1761315930208,ETHUSDT,3903.62000000,0.06780000
1761315930209,BTCUSDT,109820.96000000,0.00004000
1761315930214,ETHUSDT,3903.62000000,0.00380000
1761315930215,BTCUSDT,109820.95000000,0.00729000
1761315930215,BTCUSDT,109820.95000000,0.00005000
1761315930215,BTCUSDT,109820.95000000,0.00005000
1761315930215,BTCUSDT,109820.95000000,0.00005000
1761315930215,BTCUSDT,109820.95000000,0.00005000
1761315930215,BTCUSDT,109820.95000000,0.00005000
1761315930215,BTCUSDT,109820.95000000,0.00005000
1761315930215,BTCUSDT,109820.95000000,0.00005000
1761315930215,BTCUSDT,109820.95000000,0.00005000
1761315930215,BTCUSDT,109820.95000000,0.00005000
1761315930215,BTCUSDT,109820.95000000,0.00005000
1761315930215,BTCUSDT,109820.95000000,0.00005000
1761315930215,BTCUSDT,109820.95000000,0.00005000
1761315930215,BTCUSDT,109820.95000000,0.00005000
1761315930215,BTCUSDT,109820.95000000,0.00005000
1761315930215,BTCUSDT,109820.95000000,0.00005000
1761315930215,BTCUSDT,109820.95000000,0.00005000
1761315930215,BTCUSDT,109820.95000000,0.00005000
1761315930215,BTCUSDT,109820.95000000,0.00005000
1761315930215,BTCUSDT,109820.95000000,0.00005000
1761315930215,BTCUSDT,109820.95000000,0.00005000
1761315930215,BTCUSDT,109820.94000000,0.00005000
1761315930215,BTCUSDT,109820.94000000,0.00005000
1761315930215,BTCUSDT,109820.94000000,0.00005000
1761315930215,BTCUSDT,109820.94000000,0.00005000
1761315930215,BTCUSDT,109820.94000000,0.00005000
1761315930215,BTCUSDT,109820.94000000,0.00005000
1761315930215,BTCUSDT,109820.94000000,0.00005000
1761315930215,BTCUSDT,109820.94000000,0.00005000
1761315930215,BTCUSDT,109820.94000000,0.00005000
1761315930215,BTCUSDT,109820.94000000,0.00005000
1761315930215,BTCUSDT,109820.94000000,0.00005000
1761315930215,BTCUSDT,109820.94000000,0.00005000
1761315930215,BTCUSDT,109820.94000000,0.00005000
1761315930215,BTCUSDT,109820.94000000,0.00005000
1761315930215,BTCUSDT,109820.94000000,0.00005000
1761315930215,BTCUSDT,109820.94000000,0.00005000
1761315930215,BTCUSDT,109820.94000000,0.00005000
1761315930215,BTCUSDT,109820.94000000,0.00005000
1761315930215,BTCUSDT,109820.00000000,0.00005000
1761315930215,BTCUSDT,109819.20000000,0.00005000
1761315930215,BTCUSDT,109819.06000000,0.00401000
1761315930215,BTCUSDT,109819.06000000,0.00005000
1761315930215,BTCUSDT,109819.06000000,0.00005000
1761315930215,BTCUSDT,109819.06000000,0.00005000
1761315930215,BTCUSDT,109819.06000000,0.00005000
1761315930215,BTCUSDT,109818.50000000,0.00005000
1761315930215,BTCUSDT,109817.42000000,0.00005000
1761315930215,BTCUSDT,109817.42000000,0.00005000
1761315930215,BTCUSDT,109817.42000000,0.00005000
1761315930215,BTCUSDT,109817.41000000,0.00728000
1761315930215,BTCUSDT,109817.41000000,0.00005000
1761315930215,BTCUSDT,109817.41000000,0.00005000
1761315930215,BTCUSDT,109817.41000000,0.00005000
1761315930215,BTCUSDT,109815.39000000,0.00010000
1761315930215,BTCUSDT,109815.09000000,0.00005000
1761315930215,BTCUSDT,109815.07000000,0.00010000
1761315930215,BTCUSDT,109814.67000000,0.00010000
1761315930215,BTCUSDT,109814.60000000,0.00009000
1761315930215,BTCUSDT,109814.59000000,0.00300000
1761315930215,BTCUSDT,109814.59000000,0.00005000
1761315930215,BTCUSDT,109814.37000000,0.00200000
1761315930215,BTCUSDT,109814.07000000,0.00010000
1761315930215,BTCUSDT,109813.72000000,0.00005000
1761315930215,BTCUSDT,109813.00000000,0.00006000
1761315930215,BTCUSDT,109813.00000000,0.00005000
1761315930215,BTCUSDT,109812.45000000,0.00005000
1761315930215,BTCUSDT,109811.48000000,0.00010000
1761315930215,BTCUSDT,109811.24000000,0.00005000
1761315930215,BTCUSDT,109809.91000000,0.00006000
1761315930215,BTCUSDT,109808.24000000,0.00005000
1761315930215,BTCUSDT,109807.53000000,0.00091000
1761315930215,BTCUSDT,109807.50000000,0.00005000
1761315930215,BTCUSDT,109807.07000000,0.00005000
1761315930215,BTCUSDT,109807.07000000,0.00005000
1761315930215,BTCUSDT,109807.07000000,0.00005000
1761315930218,BTCUSDT,109807.06000000,0.00006000
1761315930248,BTCUSDT,109807.06000000,0.00025000
1761315930374,BTCUSDT,109807.07000000,0.00910000
1761315930374,BTCUSDT,109807.07000000,0.00910000
1761315930376,BTCUSDT,109807.07000000,0.00910000
1761315930381,BTCUSDT,109807.07000000,0.02730000
1761315930384,BTCUSDT,109807.06000000,0.03364000
1761315930384,BTCUSDT,109807.06000000,0.04102000
1761315930384,BTCUSDT,109807.06000000,0.04268000
1761315930384,BTCUSDT,109807.06000000,0.03994000
1761315930384,BTCUSDT,109807.06000000,0.02686000
1761315930384,BTCUSDT,109807.06000000,0.00045000
1761315930384,BTCUSDT,109807.06000000,0.25437000
1761315930384,BTCUSDT,109807.06000000,0.03867000
1761315930384,BTCUSDT,109807.06000000,0.03599000
1761315930384,BTCUSDT,109807.06000000,0.26127000
1761315930384,BTCUSDT,109807.06000000,0.04042000
1761315930384,BTCUSDT,109807.06000000,0.00005000
1761315930384,BTCUSDT,109807.06000000,0.00180000
1761315930384,BTCUSDT,109807.06000000,0.00005000
1761315930384,BTCUSDT,109807.06000000,0.00005000
1761315930384,BTCUSDT,109807.06000000,0.00005000
1761315930384,BTCUSDT,109807.06000000,0.00005000
1761315930384,BTCUSDT,109807.06000000,0.16860000
1761315930384,BTCUSDT,109807.06000000,0.00005000
1761315930384,BTCUSDT,109807.06000000,0.00005000
1761315930384,BTCUSDT,109807.06000000,0.00005000
1761315930384,BTCUSDT,109807.06000000,0.00005000
1761315930384,BTCUSDT,109807.06000000,0.00005000
1761315930384,BTCUSDT,109807.06000000,0.00005000
1761315930384,BTCUSDT,109807.06000000,0.00005000
1761315930384,BTCUSDT,109807.06000000,0.14567000
1761315930384,BTCUSDT,109807.06000000,0.04530000
1761315930384,BTCUSDT,109807.06000000,0.00010000
1761315930384,BTCUSDT,109807.06000000,0.00020000
1761315930384,BTCUSDT,109807.06000000,0.00928000
1761315930384,BTCUSDT,109807.06000000,0.00028000
1761315930384,BTCUSDT,109807.06000000,0.00018000
1761315930384,BTCUSDT,109807.06000000,0.25786000
1761315930384,BTCUSDT,109807.05000000,0.00005000
1761315930384,BTCUSDT,109807.05000000,0.00005000
1761315930384,BTCUSDT,109807.05000000,0.00005000
1761315930384,BTCUSDT,109807.05000000,0.00005000
1761315930384,BTCUSDT,109807.05000000,0.00005000
1761315930384,BTCUSDT,109807.05000000,0.00005000
1761315930384,BTCUSDT,109807.05000000,0.00005000
1761315930384,BTCUSDT,109807.05000000,0.00005000
1761315930384,BTCUSDT,109807.05000000,0.00005000
1761315930384,BTCUSDT,109807.05000000,0.00005000
1761315930384,BTCUSDT,109807.05000000,0.00005000
1761315930384,BTCUSDT,109807.05000000,0.00005000
1761315930384,BTCUSDT,109806.98000000,0.00010000
1761315930384,BTCUSDT,109806.86000000,0.00300000
1761315930384,BTCUSDT,109806.86000000,0.00005000
1761315930384,BTCUSDT,109806.86000000,0.00005000
1761315930384,BTCUSDT,109806.86000000,0.00005000
1761315930384,BTCUSDT,109806.86000000,0.00005000
1761315930384,BTCUSDT,109806.71000000,0.00005000
1761315930384,BTCUSDT,109806.71000000,0.00005000
1761315930384,BTCUSDT,109806.71000000,0.00005000
1761315930384,BTCUSDT,109806.70000000,0.00005000
1761315930384,BTCUSDT,109806.70000000,0.00005000
1761315930384,BTCUSDT,109806.70000000,0.00005000
1761315930384,BTCUSDT,109806.00000000,0.00020000
1761315930384,BTCUSDT,109805.32000000,0.00005000
1761315930384,BTCUSDT,109805.32000000,0.00005000
1761315930384,BTCUSDT,109805.32000000,0.00005000
1761315930384,BTCUSDT,109805.31000000,0.09102000
1761315930384,BTCUSDT,109805.31000000,0.00005000
1761315930384,BTCUSDT,109805.31000000,0.00005000
1761315930384,BTCUSDT,109804.00000000,0.00020000
1761315930384,BTCUSDT,109803.35000000,0.00005000
1761315930388,ETHUSDT,3903.61000000,0.00140000
1761315930388,ETHUSDT,3903.61000000,0.00140000
1761315930388,ETHUSDT,3903.61000000,0.00140000
1761315930388,ETHUSDT,3903.61000000,0.00140000
1761315930388,ETHUSDT,3903.61000000,0.00140000
1761315930388,ETHUSDT,3903.61000000,0.00140000
1761315930388,ETHUSDT,3903.61000000,0.00150000
1761315930388,ETHUSDT,3903.61000000,0.00140000
1761315930388,ETHUSDT,3903.61000000,0.00140000
1761315930388,ETHUSDT,3903.61000000,0.00140000
1761315930388,ETHUSDT,3903.61000000,0.00150000
1761315930388,ETHUSDT,3903.61000000,0.00140000
1761315930388,ETHUSDT,3903.61000000,0.00150000
1761315930388,ETHUSDT,3903.61000000,0.00150000
1761315930388,ETHUSDT,3903.61000000,1.19460000
1761315930388,ETHUSDT,3903.60000000,0.00140000
1761315930388,ETHUSDT,3903.60000000,0.00140000
1761315930388,ETHUSDT,3903.60000000,0.00140000
1761315930388,ETHUSDT,3903.60000000,0.00140000
1761315930388,ETHUSDT,3903.60000000,0.00140000
1761315930388,ETHUSDT,3903.60000000,0.00140000
1761315930388,ETHUSDT,3903.60000000,0.00140000
1761315930388,ETHUSDT,3903.60000000,0.00140000
1761315930388,ETHUSDT,3903.60000000,0.00140000
1761315930388,ETHUSDT,3903.60000000,0.00140000
1761315930388,ETHUSDT,3903.60000000,0.00150000
1761315930388,ETHUSDT,3903.60000000,0.00150000
1761315930388,ETHUSDT,3903.60000000,0.00260000
1761315930388,ETHUSDT,3903.58000000,0.10000000
1761315930388,ETHUSDT,3903.58000000,0.00150000
1761315930388,ETHUSDT,3903.58000000,0.00150000
1761315930388,ETHUSDT,3903.58000000,0.00140000
1761315930388,BTCUSDT,109802.00000000,0.00006000
1761315930388,BTCUSDT,109802.00000000,0.00005000
1761315930388,BTCUSDT,109802.00000000,0.00020000
1761315930388,BTCUSDT,109800.00000000,0.00005000
1761315930388,BTCUSDT,109800.00000000,0.00020000
1761315930388,BTCUSDT,109800.00000000,0.00015000
1761315930388,BTCUSDT,109800.00000000,0.00071000
1761315930389,BTCUSDT,109802.00000000,0.00005000
1761315930389,BTCUSDT,109802.00000000,0.00005000
1761315930389,BTCUSDT,109802.00000000,0.00005000
1761315930389,BTCUSDT,109802.00000000,0.00005000
1761315930389,BTCUSDT,109802.00000000,0.00005000
1761315930389,BTCUSDT,109802.00000000,0.00005000
1761315930389,BTCUSDT,109802.00000000,0.00005000
1761315930389,BTCUSDT,109802.00000000,0.00005000
1761315930389,BTCUSDT,109802.00000000,0.00005000
1761315930389,BTCUSDT,109802.00000000,0.00005000
1761315930389,BTCUSDT,109802.00000000,0.00005000
1761315930389,BTCUSDT,109802.00000000,0.00005000
1761315930389,BTCUSDT,109802.00000000,0.00005000
1761315930389,BTCUSDT,109802.00000000,0.00005000
1761315930389,BTCUSDT,109802.00000000,0.00005000
1761315930389,BTCUSDT,109802.00000000,0.00005000
1761315930389,BTCUSDT,109802.00000000,0.00005000
1761315930389,BTCUSDT,109801.99000000,0.00005000
1761315930389,BTCUSDT,109801.99000000,0.00005000
1761315930389,BTCUSDT,109801.99000000,0.00005000
1761315930389,BTCUSDT,109801.99000000,0.00005000
1761315930389,BTCUSDT,109801.99000000,0.00005000
1761315930389,BTCUSDT,109801.99000000,0.00005000
1761315930389,BTCUSDT,109801.99000000,0.00005000
1761315930389,BTCUSDT,109801.99000000,0.00005000
1761315930389,BTCUSDT,109801.99000000,0.00005000
1761315930389,BTCUSDT,109801.99000000,0.00005000
1761315930389,BTCUSDT,109801.99000000,0.00005000
1761315930389,BTCUSDT,109801.99000000,0.00005000
1761315930389,BTCUSDT,109801.99000000,0.00005000
1761315930389,BTCUSDT,109801.99000000,0.00005000
1761315930389,BTCUSDT,109801.99000000,0.00005000
1761315930389,BTCUSDT,109801.99000000,0.00005000
1761315930389,BTCUSDT,109801.99000000,0.00005000
1761315930389,BTCUSDT,109800.00000000,0.04289000
1761315930390,BTCUSDT,109802.00000000,0.00005000
1761315930390,BTCUSDT,109801.99000000,0.00005000
1761315930390,BTCUSDT,109800.00000000,0.01725000
1761315930390,BTCUSDT,109799.91000000,0.00005000
1761315930390,BTCUSDT,109799.91000000,0.00005000
1761315930390,BTCUSDT,109799.91000000,0.00005000
1761315930390,BTCUSDT,109799.90000000,0.00005000
1761315930390,BTCUSDT,109799.75000000,0.00005000
1761315930390,BTCUSDT,109799.75000000,0.00005000
1761315930390,BTCUSDT,109799.75000000,0.00005000
1761315930390,BTCUSDT,109799.74000000,0.00005000
1761315930390,BTCUSDT,109799.71000000,0.00005000
1761315930390,BTCUSDT,109799.63000000,0.00035000
1761315930390,BTCUSDT,109798.00000000,0.00020000
1761315930390,BTCUSDT,109797.91000000,0.00005000
1761315930390,BTCUSDT,109797.91000000,0.00005000
1761315930390,BTCUSDT,109797.91000000,0.00005000
1761315930390,BTCUSDT,109797.90000000,0.00005000
1761315930390,BTCUSDT,109797.28000000,0.00005000
1761315930390,BTCUSDT,109796.88000000,0.00005000
1761315930390,BTCUSDT,109796.88000000,0.00005000
1761315930390,BTCUSDT,109796.88000000,0.00005000
1761315930390,BTCUSDT,109796.87000000,0.00005000
1761315930390,BTCUSDT,109796.50000000,0.00005000
1761315930390,BTCUSDT,109796.41000000,0.00100000
1761315930390,BTCUSDT,109796.08000000,0.00005000
1761315930390,BTCUSDT,109796.07000000,0.00005000
1761315930390,BTCUSDT,109796.00000000,0.00020000
1761315930390,BTCUSDT,109796.00000000,0.00020000
1761315930390,BTCUSDT,109795.97000000,0.00010000
1761315930390,BTCUSDT,109795.87000000,0.00005000
1761315930390,BTCUSDT,109795.34000000,0.00038000
1761315930390,BTCUSDT,109795.23000000,0.02465000
1761315930390,BTCUSDT,109795.23000000,0.01845000
1761315930390,BTCUSDT,109795.23000000,0.00005000
1761315930390,BTCUSDT,109794.46000000,0.00040000
1761315930390,BTCUSDT,109794.41000000,0.00007000
1761315930390,BTCUSDT,109794.28000000,0.00005000
1761315930390,BTCUSDT,109794.02000000,0.00005000
1761315930390,BTCUSDT,109794.00000000,0.00048000
1761315930390,BTCUSDT,109794.00000000,0.00120000
1761315930390,BTCUSDT,109794.00000000,0.00010000
1761315930390,BTCUSDT,109794.00000000,0.00010000
1761315930390,BTCUSDT,109794.00000000,0.00010000
1761315930390,BTCUSDT,109794.00000000,0.00010000
1761315930390,BTCUSDT,109794.00000000,0.00010000
1761315930390,BTCUSDT,109794.00000000,0.00020000
1761315930390,BTCUSDT,109794.00000000,0.00020000
1761315930390,BTCUSDT,109793.74000000,0.00006000
1761315930390,BTCUSDT,109793.28000000,0.00005000
1761315930390,BTCUSDT,109793.20000000,0.02377000
1761315930392,ETHUSDT,3903.56000000,0.03850000
1761315930392,ETHUSDT,3903.56000000,0.00150000
1761315930392,ETHUSDT,3903.56000000,0.00140000
1761315930392,ETHUSDT,3903.56000000,0.00150000
1761315930392,ETHUSDT,3903.56000000,0.00150000
1761315930392,ETHUSDT,3903.56000000,0.00140000
1761315930392,ETHUSDT,3903.56000000,0.00140000
1761315930392,ETHUSDT,3903.56000000,0.00140000
1761315930392,ETHUSDT,3903.56000000,0.00140000
1761315930392,ETHUSDT,3903.56000000,0.00140000
1761315930392,ETHUSDT,3903.56000000,0.00140000
1761315930392,ETHUSDT,3903.56000000,0.00140000
1761315930392,ETHUSDT,3903.56000000,0.00140000
1761315930392,ETHUSDT,3903.56000000,0.00140000
1761315930392,ETHUSDT,3903.55000000,0.00130000
1761315930392,ETHUSDT,3903.55000000,0.00130000
1761315930392,ETHUSDT,3903.55000000,0.00140000
1761315930392,ETHUSDT,3903.55000000,0.00140000
1761315930392,ETHUSDT,3903.55000000,0.00140000
1761315930392,ETHUSDT,3903.55000000,0.00140000
1761315930392,ETHUSDT,3903.55000000,0.00140000
1761315930392,ETHUSDT,3903.55000000,0.00140000
1761315930392,ETHUSDT,3903.55000000,0.00140000
1761315930392,ETHUSDT,3903.55000000,0.00140000
1761315930392,ETHUSDT,3903.55000000,0.00140000
1761315930392,ETHUSDT,3903.55000000,0.00140000
1761315930392,ETHUSDT,3903.51000000,0.07690000
1761315930392,ETHUSDT,3903.51000000,0.00510000
1761315930392,ETHUSDT,3903.51000000,0.00150000
1761315930392,ETHUSDT,3903.51000000,0.00140000
1761315930392,ETHUSDT,3903.51000000,0.00260000
1761315930392,ETHUSDT,3903.51000000,0.00150000
1761315930392,ETHUSDT,3903.50000000,0.01540000
1761315930392,ETHUSDT,3903.50000000,0.00140000
1761315930392,ETHUSDT,3903.50000000,0.00260000
1761315930392,ETHUSDT,3903.50000000,0.00150000
1761315930392,ETHUSDT,3903.50000000,0.00150000
1761315930392,ETHUSDT,3903.48000000,0.00140000
1761315930392,ETHUSDT,3903.46000000,0.05120000
1761315930392,ETHUSDT,3903.46000000,0.05120000
1761315930392,ETHUSDT,3903.46000000,0.00140000
1761315930392,ETHUSDT,3903.46000000,0.00150000
1761315930392,ETHUSDT,3903.46000000,0.00150000
1761315930392,ETHUSDT,3903.45000000,0.21920000
1761315930407,ETHUSDT,3903.45000000,0.06780000
1761315930407,ETHUSDT,3903.45000000,0.00140000
1761315930407,ETHUSDT,3903.45000000,0.00140000
1761315930407,ETHUSDT,3903.45000000,0.00140000
1761315930407,ETHUSDT,3903.45000000,0.00140000
1761315930407,ETHUSDT,3903.45000000,0.00140000
1761315930407,ETHUSDT,3903.45000000,0.00150000
1761315930407,ETHUSDT,3903.45000000,0.00140000
1761315930407,ETHUSDT,3903.45000000,0.00140000
1761315930407,ETHUSDT,3903.45000000,0.00140000
1761315930407,ETHUSDT,3903.45000000,0.00140000
1761315930407,ETHUSDT,3903.45000000,0.43040000
1761315930467,BTCUSDT,109793.21000000,0.00020000
1761315930488,BTCUSDT,109793.20000000,0.00016000
1761315930516,ETHUSDT,3903.45000000,0.00140000
1761315930516,ETHUSDT,3903.45000000,0.00150000
1761315930516,ETHUSDT,3903.45000000,0.00150000
1761315930516,ETHUSDT,3903.45000000,0.00140000
1761315930516,ETHUSDT,3903.45000000,0.00150000
1761315930516,ETHUSDT,3903.45000000,0.00140000
1761315930516,ETHUSDT,3903.45000000,0.01300000
1761315930516,ETHUSDT,3903.44000000,0.00140000
1761315930516,ETHUSDT,3903.44000000,0.00140000
1761315930516,ETHUSDT,3903.44000000,0.00140000
1761315930516,ETHUSDT,3903.44000000,0.00140000
1761315930516,ETHUSDT,3903.44000000,0.00140000
1761315930516,ETHUSDT,3903.44000000,0.00140000
1761315930516,ETHUSDT,3903.44000000,0.00140000
1761315930516,ETHUSDT,3903.44000000,0.00140000
1761315930516,ETHUSDT,3903.44000000,0.00140000
1761315930516,ETHUSDT,3903.44000000,0.00150000
1761315930516,ETHUSDT,3903.44000000,0.00150000
1761315930516,ETHUSDT,3903.44000000,0.00140000
1761315930516,ETHUSDT,3903.42000000,0.07690000
1761315930516,ETHUSDT,3903.42000000,0.00140000
1761315930516,ETHUSDT,3903.42000000,0.00150000
1761315930516,ETHUSDT,3903.38000000,0.00140000
1761315930516,ETHUSDT,3903.36000000,0.00130000
1761315930516,ETHUSDT,3903.36000000,0.00160000
1761315930516,ETHUSDT,3903.36000000,0.00130000
1761315930516,ETHUSDT,3903.36000000,0.00140000
1761315930516,ETHUSDT,3903.35000000,0.00260000
1761315930516,ETHUSDT,3903.29000000,0.00140000
1761315930516,ETHUSDT,3903.26000000,0.05130000
1761315930516,ETHUSDT,3903.26000000,0.01750000
1761315930516,ETHUSDT,3903.26000000,0.00150000
1761315930516,ETHUSDT,3903.26000000,0.00140000
1761315930516,ETHUSDT,3903.26000000,0.00260000
1761315930516,ETHUSDT,3903.23000000,0.00140000
1761315930516,ETHUSDT,3903.23000000,0.00140000
1761315930516,ETHUSDT,3903.23000000,0.00140000
1761315930516,ETHUSDT,3903.23000000,0.00140000
1761315930517,BTCUSDT,109793.21000000,0.00050000
1761315930533,BTCUSDT,109793.21000000,0.00910000
1761315930550,ETHUSDT,3903.23000000,0.00190000
1761315930580,ETHUSDT,3903.22000000,0.00140000
1761315930580,ETHUSDT,3903.22000000,0.00140000
1761315930580,ETHUSDT,3903.22000000,0.10250000
1761315930580,ETHUSDT,3903.22000000,0.00150000
1761315930580,ETHUSDT,3903.22000000,0.14940000
1761315930640,ETHUSDT,3903.23000000,0.00500000
1761315930725,BTCUSDT,109793.21000000,0.00610000
1761315930886,BTCUSDT,109793.20000000,0.04348000
1761315930940,BTCUSDT,109793.21000000,0.00130000
1761315930940,BTCUSDT,109793.21000000,0.00005000
1761315930940,BTCUSDT,109793.21000000,0.00005000
1761315930940,BTCUSDT,109793.21000000,0.00005000
1761315930940,BTCUSDT,109793.21000000,0.00005000
1761315930940,BTCUSDT,109793.21000000,0.00005000
1761315930940,BTCUSDT,109793.21000000,0.00045000
1761315930940,BTCUSDT,109793.21000000,0.00180000
1761315930940,BTCUSDT,109793.21000000,0.11560000
1761315930940,BTCUSDT,109793.21000000,0.02741000
1761315930940,BTCUSDT,109793.21000000,0.03618000
1761315930940,BTCUSDT,109793.21000000,0.01742000
1761315930940,BTCUSDT,109793.21000000,0.00005000
1761315930940,BTCUSDT,109793.21000000,0.06884000
1761315930940,ETHUSDT,3903.23000000,0.00150000
1761315930940,ETHUSDT,3903.23000000,0.05100000
1761315930940,ETHUSDT,3903.23000000,0.01300000
1761315930940,ETHUSDT,3903.23000000,0.06500000
1761315930940,ETHUSDT,3903.23000000,0.00150000
1761315930940,ETHUSDT,3903.23000000,0.00140000
1761315930940,ETHUSDT,3903.23000000,0.91910000
1761315930940,ETHUSDT,3903.23000000,0.00150000
1761315930940,ETHUSDT,3903.23000000,0.00150000
1761315930940,ETHUSDT,3903.24000000,0.00140000
1761315930940,ETHUSDT,3903.24000000,0.00140000
1761315930940,ETHUSDT,3903.24000000,0.00140000
1761315930940,ETHUSDT,3903.24000000,0.00140000
1761315930940,ETHUSDT,3903.25000000,0.52030000
1761315930940,ETHUSDT,3903.25000000,0.00150000
1761315930940,ETHUSDT,3903.25000000,0.00140000
1761315930940,ETHUSDT,3903.25000000,0.00150000
1761315930940,BTCUSDT,109793.21000000,0.01368000
1761315930940,BTCUSDT,109793.21000000,0.09178000
1761315930940,BTCUSDT,109793.21000000,0.00734000
1761315930940,BTCUSDT,109793.21000000,0.08216000
1761315930940,BTCUSDT,109793.21000000,0.11869000
1761315930940,BTCUSDT,109793.21000000,0.09321000
1761315930940,BTCUSDT,109793.21000000,0.00005000
1761315930940,BTCUSDT,109793.21000000,0.00811000
1761315930940,BTCUSDT,109793.21000000,0.03240000
1761315930940,BTCUSDT,109793.21000000,0.00011000
1761315930940,BTCUSDT,109793.21000000,0.00005000
1761315930940,BTCUSDT,109793.21000000,0.00270000
1761315930940,BTCUSDT,109793.21000000,0.00005000
1761315930940,BTCUSDT,109793.21000000,0.00005000
1761315930940,BTCUSDT,109793.21000000,0.00093000
1761315930940,BTCUSDT,109793.21000000,0.00091000
1761315930940,BTCUSDT,109793.21000000,0.00005000
1761315930940,BTCUSDT,109793.21000000,0.00005000
1761315930941,BTCUSDT,109793.29000000,0.00010000
1761315930941,BTCUSDT,109794.02000000,0.01361000
1761315930941,BTCUSDT,109794.03000000,0.04553000
1761315930941,BTCUSDT,109794.03000000,0.00005000
1761315930941,BTCUSDT,109794.03000000,0.00005000
1761315930941,BTCUSDT,109794.03000000,0.00005000
1761315930942,ETHUSDT,3903.32000000,0.00260000
1761315930942,ETHUSDT,3903.32000000,0.00140000
1761315930942,ETHUSDT,3903.36000000,0.00130000
1761315930942,ETHUSDT,3903.36000000,0.00140000
1761315930942,ETHUSDT,3903.41000000,0.00140000
1761315930942,ETHUSDT,3903.44000000,0.00140000
1761315930942,ETHUSDT,3903.44000000,0.00140000
1761315930942,ETHUSDT,3903.44000000,0.00140000
1761315930942,ETHUSDT,3903.44000000,0.00140000
1761315930942,ETHUSDT,3903.45000000,0.00150000
1761315930942,ETHUSDT,3903.45000000,0.00140000
1761315930942,ETHUSDT,3903.45000000,0.00140000
1761315930942,ETHUSDT,3903.45000000,0.00140000
1761315930942,ETHUSDT,3903.45000000,0.00150000
1761315930942,ETHUSDT,3903.45000000,0.73980000
1761315930942,ETHUSDT,3903.45000000,0.00140000
1761315930942,ETHUSDT,3903.46000000,0.00140000
1761315930942,ETHUSDT,3903.46000000,1.84120000
1761315930943,ETHUSDT,3903.46000000,0.62740000
1761315930943,ETHUSDT,3903.46000000,0.00150000
1761315930943,ETHUSDT,3903.46000000,0.00150000
1761315930943,ETHUSDT,3903.47000000,0.00140000
1761315930943,BTCUSDT,109794.03000000,0.00005000
1761315930943,BTCUSDT,109794.03000000,0.00005000
1761315930945,BTCUSDT,109800.00000000,0.00005000
1761315930945,BTCUSDT,109801.43000000,0.00005000
1761315930945,BTCUSDT,109801.43000000,0.00005000
1761315930945,BTCUSDT,109801.43000000,0.00010000
1761315930946,BTCUSDT,109801.43000000,0.00025000
1761315930950,ETHUSDT,3903.61000000,0.00140000
1761315930950,ETHUSDT,3903.61000000,0.00140000
1761315930950,ETHUSDT,3903.61000000,0.00130000
1761315930951,ETHUSDT,3903.55000000,0.00140000
1761315930951,ETHUSDT,3903.55000000,0.00150000
1761315930951,ETHUSDT,3903.61000000,0.00010000
1761315930951,ETHUSDT,3903.62000000,0.00400000
1761315931249,ETHUSDT,3903.61000000,0.01300000
1761315931249,ETHUSDT,3903.61000000,0.01300000
1761315931250,ETHUSDT,3903.61000000,0.22530000
1761315931257,ETHUSDT,3903.61000000,0.00150000
1761315931257,ETHUSDT,3903.61000000,0.05100000
1761315931257,ETHUSDT,3903.61000000,0.00150000
1761315931257,ETHUSDT,3903.61000000,0.00140000
1761315931257,ETHUSDT,3903.61000000,0.00140000
1761315931257,ETHUSDT,3903.61000000,0.00140000
1761315931257,ETHUSDT,3903.61000000,0.00140000
1761315931257,ETHUSDT,3903.61000000,0.00140000
1761315931257,ETHUSDT,3903.61000000,0.00140000
1761315931257,ETHUSDT,3903.61000000,0.00140000
1761315931257,ETHUSDT,3903.61000000,0.00140000
1761315931257,ETHUSDT,3903.61000000,0.00140000
1761315931257,ETHUSDT,3903.61000000,0.00140000
1761315931257,ETHUSDT,3903.61000000,0.00140000
1761315931257,ETHUSDT,3903.61000000,0.00140000
1761315931257,ETHUSDT,3903.60000000,0.02110000
1761315931257,ETHUSDT,3903.60000000,0.00140000
1761315931257,ETHUSDT,3903.60000000,0.00140000
1761315931257,ETHUSDT,3903.60000000,0.00150000
1761315931257,ETHUSDT,3903.60000000,0.00140000
1761315931257,ETHUSDT,3903.60000000,0.00140000
1761315931257,ETHUSDT,3903.60000000,0.00140000
1761315931257,ETHUSDT,3903.60000000,0.00140000
1761315931257,ETHUSDT,3903.60000000,0.00140000
1761315931257,ETHUSDT,3903.60000000,0.00140000
1761315931257,ETHUSDT,3903.60000000,0.00140000
1761315931257,ETHUSDT,3903.60000000,0.00140000
1761315931257,ETHUSDT,3903.60000000,0.00140000
1761315931257,ETHUSDT,3903.60000000,0.00140000
1761315931257,ETHUSDT,3903.60000000,0.01550000
1761315931257,ETHUSDT,3903.60000000,0.12570000
1761315931274,BTCUSDT,109797.27000000,0.00165000
1761315931274,BTCUSDT,109797.27000000,0.00070000
1761315931274,BTCUSDT,109797.27000000,0.00665000
1761315931346,ETHUSDT,3903.61000000,0.04270000
1761315931417,ETHUSDT,3903.60000000,0.00260000
1761315931417,ETHUSDT,3903.60000000,0.00150000
1761315931417,ETHUSDT,3903.60000000,0.00410000
1761315931487,BTCUSDT,109797.27000000,0.00448000
1761315931498,BTCUSDT,109797.28000000,0.00005000
1761315931498,BTCUSDT,109797.28000000,0.00005000
1761315931498,BTCUSDT,109797.28000000,0.00005000
1761315931498,BTCUSDT,109797.28000000,0.00005000
1761315931498,BTCUSDT,109797.28000000,0.00005000
1761315931498,BTCUSDT,109797.28000000,0.00005000
1761315931498,BTCUSDT,109797.28000000,0.00103000
1761315931498,BTCUSDT,109797.28000000,0.00322000
1761315931515,ETHUSDT,3903.61000000,0.00250000
1761315931518,ETHUSDT,3903.60000000,0.01930000
1761315931518,ETHUSDT,3903.60000000,0.00140000
1761315931518,ETHUSDT,3903.60000000,0.11700000
1761315931518,ETHUSDT,3903.60000000,0.00150000
1761315931518,ETHUSDT,3903.60000000,0.86070000
1761315931650,BTCUSDT,109797.28000000,0.00005000
1761315931650,BTCUSDT,109797.28000000,0.00005000
1761315931650,BTCUSDT,109797.28000000,0.00474000
1761315931650,BTCUSDT,109797.28000000,0.00262000
1761315931708,BTCUSDT,109797.28000000,0.00193000
1761315931708,BTCUSDT,109797.28000000,0.00911000
1761315931708,BTCUSDT,109797.28000000,0.00045000
1761315931708,BTCUSDT,109797.28000000,0.00005000
1761315931708,BTCUSDT,109797.28000000,0.00005000
1761315931708,BTCUSDT,109797.28000000,0.00005000
1761315931708,BTCUSDT,109797.28000000,0.00710000
1761315931708,BTCUSDT,109797.28000000,0.00005000
1761315931708,BTCUSDT,109797.28000000,0.00005000
1761315931708,BTCUSDT,109797.28000000,0.00005000
1761315931708,ETHUSDT,3903.61000000,3.54970000
1761315931709,ETHUSDT,3903.61000000,0.84660000
1761315931709,ETHUSDT,3903.61000000,2.69650000
1761315931709,ETHUSDT,3903.61000000,1.58300000
1761315931709,ETHUSDT,3903.61000000,5.22450000
1761315931709,ETHUSDT,3903.61000000,3.73590000
1761315931709,ETHUSDT,3903.61000000,4.64360000
1761315931709,BTCUSDT,109798.37000000,0.00100000
1761315931709,BTCUSDT,109798.37000000,0.00005000
1761315931709,BTCUSDT,109798.37000000,0.00005000
1761315931709,BTCUSDT,109798.37000000,0.00005000
1761315931709,BTCUSDT,109798.37000000,0.00005000
1761315931709,BTCUSDT,109800.00000000,0.00005000
1761315931709,BTCUSDT,109800.02000000,0.00200000
1761315931709,BTCUSDT,109800.02000000,0.00005000
1761315931709,BTCUSDT,109800.02000000,0.00005000
1761315931709,BTCUSDT,109800.02000000,0.00005000
1761315931709,BTCUSDT,109800.02000000,0.00005000
1761315931709,BTCUSDT,109801.67000000,0.00364000
1761315931709,BTCUSDT,109801.67000000,0.00005000
1761315931709,BTCUSDT,109801.67000000,0.00005000
1761315931709,BTCUSDT,109802.33000000,0.00010000
1761315931709,BTCUSDT,109802.76000000,0.00005000
1761315931709,BTCUSDT,109803.84000000,0.00005000
1761315931709,BTCUSDT,109803.84000000,0.00005000
1761315931709,BTCUSDT,109803.84000000,0.00005000
1761315931709,BTCUSDT,109803.85000000,0.02248000
1761315931709,BTCUSDT,109803.85000000,0.00005000
1761315931709,BTCUSDT,109803.85000000,0.00005000
1761315931709,BTCUSDT,109803.86000000,0.00546000
1761315931709,BTCUSDT,109803.86000000,0.00005000
1761315931709,ETHUSDT,3903.61000000,4.31680000
1761315931709,ETHUSDT,3903.61000000,0.00150000
1761315931709,ETHUSDT,3903.61000000,0.01510000
1761315931709,ETHUSDT,3903.61000000,0.05100000
1761315931709,ETHUSDT,3903.61000000,0.01300000
1761315931709,ETHUSDT,3903.61000000,0.00140000
1761315931709,ETHUSDT,3903.61000000,0.06500000
1761315931709,ETHUSDT,3903.61000000,0.00150000
1761315931709,ETHUSDT,3903.61000000,0.00140000
1761315931709,ETHUSDT,3903.61000000,0.00140000
1761315931709,ETHUSDT,3903.61000000,0.00150000
1761315931709,ETHUSDT,3903.61000000,0.00140000
1761315931709,ETHUSDT,3903.62000000,0.00260000
1761315931709,ETHUSDT,3903.62000000,0.71030000
1761315931709,ETHUSDT,3903.62000000,0.00150000
1761315931709,ETHUSDT,3903.62000000,0.00140000
1761315931709,ETHUSDT,3903.62000000,0.00150000
1761315931709,ETHUSDT,3903.63000000,0.10000000
1761315931709,ETHUSDT,3903.63000000,0.00260000
1761315931709,ETHUSDT,3903.63000000,0.00140000
1761315931709,ETHUSDT,3903.63000000,0.00150000
1761315931709,ETHUSDT,3903.63000000,0.00150000
1761315931709,ETHUSDT,3903.64000000,0.00140000
1761315931709,ETHUSDT,3903.65000000,0.00140000
1761315931711,ETHUSDT,3903.66000000,0.05130000
1761315931711,ETHUSDT,3903.66000000,0.00140000
1761315931711,ETHUSDT,3903.66000000,0.00150000
1761315931711,ETHUSDT,3903.66000000,0.00150000
1761315931711,ETHUSDT,3903.67000000,0.00140000
1761315931711,ETHUSDT,3903.68000000,0.00140000
1761315931711,ETHUSDT,3903.69000000,0.00140000
1761315931711,ETHUSDT,3903.71000000,0.00140000
1761315931711,ETHUSDT,3903.74000000,0.00130000
1761315931711,ETHUSDT,3903.74000000,0.00130000
1761315931723,ETHUSDT,3903.81000000,0.05570000
1761315931765,ETHUSDT,3903.81000000,0.02120000
1761315931765,ETHUSDT,3903.81000000,0.00150000
1761315931765,ETHUSDT,3903.81000000,0.00150000
1761315931765,ETHUSDT,3903.81000000,0.00140000
1761315931765,ETHUSDT,3903.81000000,0.36240000
1761315931768,BTCUSDT,109807.07000000,0.00230000
1761315931768,BTCUSDT,109807.07000000,0.00005000
1761315931768,BTCUSDT,109807.07000000,0.00005000
1761315931768,BTCUSDT,109807.07000000,0.00005000
1761315931768,BTCUSDT,109807.07000000,0.00005000
1761315931768,BTCUSDT,109807.07000000,0.00005000
1761315931768,BTCUSDT,109807.07000000,0.00045000
1761315931768,BTCUSDT,109807.07000000,0.00270000
1761315931768,BTCUSDT,109807.07000000,0.00355000
1761315931768,BTCUSDT,109807.07000000,0.04553000
1761315931768,BTCUSDT,109807.07000000,0.00242000
1761315931768,BTCUSDT,109808.24000000,0.00005000
1761315931768,BTCUSDT,109808.24000000,0.00005000
1761315931768,BTCUSDT,109808.24000000,0.00005000
1761315931768,BTCUSDT,109808.24000000,0.00005000
1761315931768,BTCUSDT,109808.25000000,0.00005000
1761315931768,BTCUSDT,109808.25000000,0.00005000
1761315931768,BTCUSDT,109808.25000000,0.00005000
1761315931768,BTCUSDT,109808.25000000,0.00005000
1761315931768,BTCUSDT,109808.25000000,0.00005000
1761315931768,BTCUSDT,109808.26000000,0.00273000
1761315931769,ETHUSDT,3903.85000000,0.00260000
1761315931769,ETHUSDT,3903.85000000,0.00140000
1761315931773,ETHUSDT,3903.86000000,0.02980000
1761315931773,ETHUSDT,3903.86000000,0.00150000
1761315931773,ETHUSDT,3903.86000000,0.00150000
1761315931773,ETHUSDT,3903.86000000,0.00140000
1761315931773,BTCUSDT,109808.26000000,0.00027000
1761315931773,BTCUSDT,109808.26000000,0.00005000
1761315931773,BTCUSDT,109808.26000000,0.00005000
1761315931773,BTCUSDT,109808.26000000,0.00005000
1761315931773,BTCUSDT,109808.26000000,0.00005000
1761315931783,ETHUSDT,3903.90000000,0.00200000
1761315931783,ETHUSDT,3903.90000000,0.01540000
1761315931783,ETHUSDT,3903.90000000,0.00510000
1761315931783,ETHUSDT,3903.90000000,0.00150000
1761315931783,ETHUSDT,3903.90000000,0.00150000
1761315931783,ETHUSDT,3903.90000000,0.00140000
1761315931798,ETHUSDT,3903.90000000,0.00280000
1761315931800,ETHUSDT,3903.91000000,0.07690000
1761315931800,ETHUSDT,3903.91000000,0.00150000
1761315931800,ETHUSDT,3903.91000000,0.00150000
1761315931800,ETHUSDT,3903.91000000,0.00140000
1761315931800,ETHUSDT,3903.91000000,0.11830000
1761315931807,ETHUSDT,3903.91000000,0.00140000
1761315931807,ETHUSDT,3903.93000000,0.00130000
1761315931807,ETHUSDT,3903.93000000,0.00130000
1761315931807,ETHUSDT,3903.93000000,0.00140000
1761315931807,ETHUSDT,3903.94000000,0.00260000
1761315931807,ETHUSDT,3903.94000000,0.00140000
1761315931807,ETHUSDT,3903.95000000,0.00140000
1761315931807,ETHUSDT,3903.96000000,0.03850000
1761315931807,ETHUSDT,3903.96000000,0.00150000
1761315931807,ETHUSDT,3903.96000000,0.00140000
1761315931807,ETHUSDT,3903.96000000,0.00150000
1761315931807,ETHUSDT,3903.97000000,0.00260000
1761315931807,ETHUSDT,3903.99000000,0.00140000
1761315931807,ETHUSDT,3903.99000000,0.00140000
1761315931807,ETHUSDT,3903.99000000,0.00140000
1761315931807,ETHUSDT,3903.99000000,0.00140000
1761315931807,ETHUSDT,3904.00000000,0.25610000
1761315931807,ETHUSDT,3904.00000000,0.00130000
1761315931807,ETHUSDT,3904.00000000,0.00140000
1761315931807,ETHUSDT,3904.00000000,0.00150000
1761315931807,ETHUSDT,3904.01000000,0.10250000
1761315931807,ETHUSDT,3904.01000000,0.00140000
1761315931807,ETHUSDT,3904.01000000,0.00150000
1761315931817,BTCUSDT,109808.26000000,0.00005000
1761315931817,BTCUSDT,109808.26000000,0.00005000
1761315931817,BTCUSDT,109808.26000000,0.00005000
1761315931817,BTCUSDT,109808.26000000,0.00005000
1761315931817,BTCUSDT,109808.26000000,0.01085000
1761315931817,BTCUSDT,109808.26000000,0.00005000
1761315931817,BTCUSDT,109808.26000000,0.00005000
1761315931817,BTCUSDT,109808.26000000,0.00005000
1761315931817,BTCUSDT,109809.32000000,0.00010000
1761315931819,ETHUSDT,3904.04000000,0.00260000
1761315931819,ETHUSDT,3904.04000000,0.00140000
1761315931819,ETHUSDT,3904.04000000,0.16830000
1761315931819,ETHUSDT,3904.05000000,0.05130000
1761315931819,ETHUSDT,3904.05000000,0.00140000
1761315931819,ETHUSDT,3904.10000000,0.00260000
1761315931819,ETHUSDT,3904.10000000,0.00140000
1761315931819,ETHUSDT,3904.12000000,0.00130000
1761315931819,ETHUSDT,3904.12000000,0.00130000
1761315931819,ETHUSDT,3904.12000000,0.00140000
1761315931819,ETHUSDT,3904.20000000,0.00140000
1761315931819,ETHUSDT,3904.27000000,0.00140000
1761315931819,ETHUSDT,3904.27000000,0.00140000
1761315931819,ETHUSDT,3904.27000000,0.00140000
1761315931819,ETHUSDT,3904.27000000,0.00140000
1761315931819,ETHUSDT,3904.28000000,0.00140000
1761315931819,ETHUSDT,3904.29000000,0.02040000
1761315931819,ETHUSDT,3904.29000000,0.00140000
1761315931819,ETHUSDT,3904.30000000,0.07690000
1761315931819,ETHUSDT,3904.30000000,0.01540000
1761315931819,ETHUSDT,3904.30000000,0.00200000
1761315931819,ETHUSDT,3904.30000000,0.00140000
1761315931819,ETHUSDT,3904.31000000,0.00130000
1761315931819,ETHUSDT,3904.31000000,0.00130000
1761315931819,ETHUSDT,3904.31000000,0.00140000
1761315931819,ETHUSDT,3904.32000000,0.05000000
1761315931820,BTCUSDT,109814.10000000,0.00010000
1761315931820,BTCUSDT,109815.20000000,0.00005000
1761315931820,BTCUSDT,109815.20000000,0.00005000
1761315931820,BTCUSDT,109815.20000000,0.00005000
1761315931820,BTCUSDT,109815.20000000,0.00005000
1761315931820,BTCUSDT,109815.43000000,0.00007000
1761315931820,BTCUSDT,109815.73000000,0.00010000
1761315931866,BTCUSDT,109818.50000000,0.00005000
1761315931866,BTCUSDT,109818.50000000,0.00013000
1761315931981,BTCUSDT,109818.50000000,0.00005000
1761315931981,BTCUSDT,109818.50000000,0.00005000
1761315931981,BTCUSDT,109818.50000000,0.00005000
1761315931981,BTCUSDT,109818.50000000,0.00005000
1761315931981,BTCUSDT,109818.50000000,0.00005000
1761315931981,BTCUSDT,109818.50000000,0.00073000
1761315932067,ETHUSDT,3904.33000000,0.02630000
1761315932068,ETHUSDT,3904.33000000,0.02630000
1761315932095,BTCUSDT,109818.50000000,0.00046000
1761315932095,BTCUSDT,109818.50000000,0.00018000
1761315932121,ETHUSDT,3904.33000000,0.05100000
1761315932121,ETHUSDT,3904.33000000,0.01300000
1761315932121,ETHUSDT,3904.33000000,0.00140000
1761315932121,ETHUSDT,3904.33000000,0.06500000
1761315932121,ETHUSDT,3904.33000000,0.00150000
1761315932121,ETHUSDT,3904.33000000,0.51080000
1761315932121,ETHUSDT,3904.33000000,0.00150000
1761315932121,ETHUSDT,3904.33000000,0.00150000
1761315932121,ETHUSDT,3904.33000000,0.00150000
1761315932121,ETHUSDT,3904.33000000,0.00140000
1761315932121,ETHUSDT,3904.33000000,0.00140000
1761315932121,ETHUSDT,3904.33000000,1.18110000
1761315932149,ETHUSDT,3904.34000000,0.00260000
1761315932149,ETHUSDT,3904.34000000,0.00140000
1761315932149,ETHUSDT,3904.34000000,0.00150000
1761315932149,ETHUSDT,3904.34000000,0.00050000
1761315932255,ETHUSDT,3904.33000000,0.48800000
1761315932255,ETHUSDT,3904.33000000,0.00140000
1761315932255,ETHUSDT,3904.33000000,0.00140000
1761315932255,ETHUSDT,3904.33000000,0.00140000
1761315932255,ETHUSDT,3904.33000000,0.00140000
1761315932255,ETHUSDT,3904.33000000,0.00140000
1761315932255,ETHUSDT,3904.33000000,0.00140000
1761315932255,ETHUSDT,3904.33000000,0.00140000
1761315932255,ETHUSDT,3904.33000000,0.02040000
1761315932255,ETHUSDT,3904.33000000,0.00140000
1761315932255,ETHUSDT,3904.33000000,0.00150000
1761315932255,ETHUSDT,3904.33000000,0.00140000
1761315932255,ETHUSDT,3904.33000000,0.00140000
1761315932255,ETHUSDT,3904.32000000,0.00140000
1761315932255,ETHUSDT,3904.32000000,0.81140000
1761315932255,ETHUSDT,3904.32000000,1.05250000
1761315932255,ETHUSDT,3904.32000000,0.00140000
1761315932255,ETHUSDT,3904.32000000,0.00140000
1761315932255,ETHUSDT,3904.32000000,0.00140000
1761315932255,ETHUSDT,3904.32000000,0.00140000
1761315932255,ETHUSDT,3904.32000000,0.00140000
1761315932255,ETHUSDT,3904.32000000,0.00140000
1761315932255,ETHUSDT,3904.31000000,0.00130000
1761315932255,ETHUSDT,3904.31000000,0.00140000
1761315932255,ETHUSDT,3904.30000000,0.00140000
1761315932255,ETHUSDT,3904.24000000,0.00140000
1761315932255,ETHUSDT,3904.23000000,0.00140000
1761315932258,ETHUSDT,3904.23000000,0.00140000
1761315932258,ETHUSDT,3904.23000000,0.00140000
1761315932258,ETHUSDT,3904.23000000,0.00140000
1761315932258,ETHUSDT,3904.23000000,0.00140000
1761315932259,ETHUSDT,3904.23000000,0.00140000
1761315932259,ETHUSDT,3904.23000000,0.00140000
1761315932259,ETHUSDT,3904.23000000,0.00140000
1761315932259,ETHUSDT,3904.23000000,0.00140000
1761315932260,ETHUSDT,3904.23000000,0.00140000
1761315932260,ETHUSDT,3904.23000000,0.00140000
1761315932260,ETHUSDT,3904.23000000,0.00140000
1761315932260,ETHUSDT,3904.23000000,0.00140000
1761315932260,ETHUSDT,3904.23000000,0.00140000
1761315932260,ETHUSDT,3904.23000000,0.00140000
1761315932260,ETHUSDT,3904.23000000,0.00140000
1761315932260,ETHUSDT,3904.23000000,0.00140000
1761315932260,ETHUSDT,3904.23000000,0.00140000
1761315932260,ETHUSDT,3904.23000000,0.00140000
1761315932260,ETHUSDT,3904.23000000,0.00140000
1761315932260,ETHUSDT,3904.22000000,0.00140000
1761315932260,ETHUSDT,3904.22000000,0.00140000
1761315932260,ETHUSDT,3904.22000000,0.00140000
1761315932260,ETHUSDT,3904.22000000,0.00140000
1761315932260,ETHUSDT,3904.22000000,0.00140000
1761315932260,ETHUSDT,3904.22000000,0.00140000
1761315932260,ETHUSDT,3904.22000000,0.00140000
1761315932260,ETHUSDT,3904.22000000,0.00140000
1761315932260,ETHUSDT,3904.22000000,0.00140000
1761315932260,ETHUSDT,3904.22000000,0.00140000
1761315932260,ETHUSDT,3904.22000000,0.00140000
1761315932260,ETHUSDT,3904.22000000,0.00140000
1761315932260,ETHUSDT,3904.22000000,0.00140000
1761315932260,ETHUSDT,3904.22000000,0.00140000
1761315932260,ETHUSDT,3904.22000000,0.00140000
1761315932260,ETHUSDT,3904.22000000,0.00140000
1761315932260,ETHUSDT,3904.22000000,0.00140000
1761315932260,ETHUSDT,3904.22000000,0.00140000
1761315932260,ETHUSDT,3904.14000000,0.00140000
1761315932260,ETHUSDT,3904.14000000,0.00140000
1761315932260,ETHUSDT,3904.14000000,0.00140000
1761315932260,ETHUSDT,3904.13000000,0.00140000
1761315932260,ETHUSDT,3904.12000000,0.00130000
1761315932260,ETHUSDT,3904.12000000,0.00140000
1761315932260,ETHUSDT,3904.10000000,0.00140000
1761315932260,ETHUSDT,3904.09000000,0.00140000
1761315932260,ETHUSDT,3904.00000000,0.00130000
1761315932260,ETHUSDT,3903.94000000,0.00140000
1761315932260,ETHUSDT,3903.94000000,0.00140000
1761315932260,ETHUSDT,3903.94000000,0.00140000
1761315932260,ETHUSDT,3903.93000000,0.00130000
1761315932260,ETHUSDT,3903.93000000,0.09470000
1761315932351,ETHUSDT,3903.93000000,0.00530000
1761315932351,ETHUSDT,3903.93000000,0.00140000
1761315932351,ETHUSDT,3903.93000000,0.00140000
1761315932351,ETHUSDT,3903.93000000,0.00140000
1761315932351,ETHUSDT,3903.93000000,0.00140000
1761315932351,ETHUSDT,3903.93000000,2.24610000
1761315932351,ETHUSDT,3903.93000000,0.00140000
1761315932351,ETHUSDT,3903.93000000,0.00140000
1761315932351,ETHUSDT,3903.93000000,0.23480000
1761315932351,ETHUSDT,3903.93000000,0.01510000
1761315932351,ETHUSDT,3903.93000000,0.00140000
1761315932351,ETHUSDT,3903.93000000,0.12110000
1761315932351,ETHUSDT,3903.93000000,0.28600000
1761315932351,ETHUSDT,3903.92000000,0.00140000
1761315932351,ETHUSDT,3903.92000000,0.00140000
1761315932351,ETHUSDT,3903.92000000,0.00140000
1761315932351,ETHUSDT,3903.92000000,0.00140000
1761315932351,ETHUSDT,3903.92000000,0.00140000
1761315932351,ETHUSDT,3903.92000000,0.00140000
1761315932351,ETHUSDT,3903.91000000,0.00140000
1761315932351,ETHUSDT,3903.90000000,0.01300000
1761315932351,ETHUSDT,3903.90000000,0.00240000
1761315932351,ETHUSDT,3903.90000000,0.01060000
1761315932351,ETHUSDT,3903.90000000,0.06630000
1761315932351,ETHUSDT,3903.90000000,0.00140000
1761315932351,ETHUSDT,3903.85000000,0.00140000
1761315932351,ETHUSDT,3903.83000000,0.02980000
1761315932351,ETHUSDT,3903.83000000,0.00140000
1761315932354,ETHUSDT,3903.76000000,0.00200000
1761315932354,ETHUSDT,3903.76000000,0.00140000
1761315932354,ETHUSDT,3903.76000000,0.00140000
1761315932354,ETHUSDT,3903.76000000,0.00140000
1761315932354,ETHUSDT,3903.75000000,0.00140000
1761315932354,ETHUSDT,3903.75000000,0.00140000
1761315932354,ETHUSDT,3903.74000000,0.00130000
1761315932354,ETHUSDT,3903.74000000,0.00140000
1761315932354,ETHUSDT,3903.70000000,0.00040000
1761315932356,ETHUSDT,3903.70000000,0.01310000
1761315932356,ETHUSDT,3903.70000000,0.01300000
1761315932357,ETHUSDT,3903.75000000,0.00140000
1761315932357,ETHUSDT,3903.75000000,0.01170000
1761315932418,ETHUSDT,3903.75000000,0.00140000
1761315932418,ETHUSDT,3903.75000000,0.00140000
1761315932418,ETHUSDT,3903.75000000,0.00140000
1761315932418,ETHUSDT,3903.75000000,0.00280000
1761315932418,ETHUSDT,3903.75000000,0.00120000
1761315932504,ETHUSDT,3903.75000000,0.00630000
1761315932556,BTCUSDT,109818.49000000,0.00070000
1761315932556,BTCUSDT,109818.49000000,0.00648000
1761315932913,ETHUSDT,3903.75000000,0.01300000
1761315932913,ETHUSDT,3903.75000000,0.06500000
1761315932913,ETHUSDT,3903.75000000,0.00140000
1761315932913,ETHUSDT,3903.75000000,0.69590000
1761315932913,ETHUSDT,3903.75000000,0.57850000
1761315932913,ETHUSDT,3903.75000000,0.00150000
1761315932913,ETHUSDT,3903.75000000,0.00150000
1761315932913,ETHUSDT,3903.75000000,0.00140000
1761315932913,ETHUSDT,3903.75000000,0.00140000
1761315932913,ETHUSDT,3903.75000000,0.00140000
1761315932913,ETHUSDT,3903.75000000,0.00140000
1761315932913,ETHUSDT,3903.75000000,0.00140000
1761315932913,ETHUSDT,3903.75000000,0.00140000
1761315932913,ETHUSDT,3903.75000000,0.00140000
1761315932913,ETHUSDT,3903.75000000,0.00140000
1761315932913,ETHUSDT,3903.74000000,0.00140000
1761315932913,ETHUSDT,3903.74000000,0.00140000
1761315932913,ETHUSDT,3903.74000000,0.00140000
1761315932913,ETHUSDT,3903.74000000,0.00260000
1761315932913,ETHUSDT,3903.74000000,0.19500000
1761315932913,ETHUSDT,3903.73000000,0.00140000
1761315932913,ETHUSDT,3903.73000000,0.00260000
1761315932915,ETHUSDT,3903.72000000,0.00140000
1761315932915,ETHUSDT,3903.72000000,0.00140000
1761315932915,ETHUSDT,3903.72000000,0.00140000
1761315932915,ETHUSDT,3903.72000000,0.00140000
1761315932915,ETHUSDT,3903.72000000,0.00140000
1761315932915,ETHUSDT,3903.72000000,0.00140000
1761315932915,ETHUSDT,3903.72000000,0.00140000
1761315932915,ETHUSDT,3903.71000000,0.00140000
1761315932915,ETHUSDT,3903.70000000,0.00140000
1761315932915,ETHUSDT,3903.68000000,0.00140000
1761315932915,ETHUSDT,3903.67000000,0.00140000
1761315932915,ETHUSDT,3903.65000000,0.05130000
1761315932915,ETHUSDT,3903.65000000,0.00140000
1761315932915,ETHUSDT,3903.65000000,0.00140000
1761315932915,ETHUSDT,3903.65000000,0.00140000
1761315932915,ETHUSDT,3903.65000000,0.00150000
1761315932915,ETHUSDT,3903.65000000,0.00140000
1761315932915,BTCUSDT,109818.49000000,0.02962000
1761315932917,ETHUSDT,3903.64000000,0.00140000
1761315932917,ETHUSDT,3903.56000000,0.03850000
1761315932917,ETHUSDT,3903.56000000,0.00150000
1761315932917,ETHUSDT,3903.56000000,0.00150000
1761315932917,ETHUSDT,3903.55000000,0.00130000
1761315932917,ETHUSDT,3903.51000000,0.07690000
1761315932917,ETHUSDT,3903.51000000,0.00150000
1761315932917,ETHUSDT,3903.51000000,0.00150000
1761315932917,ETHUSDT,3903.50000000,0.01540000
1761315932917,ETHUSDT,3903.36000000,0.00130000
1761315932917,ETHUSDT,3903.36000000,0.00130000
1761315932917,ETHUSDT,3903.33000000,0.00260000
1761315932917,ETHUSDT,3903.26000000,0.05130000
1761315932917,ETHUSDT,3903.26000000,0.00150000
1761315932917,ETHUSDT,3903.23000000,0.00140000
1761315932917,ETHUSDT,3903.23000000,0.00140000
1761315932917,ETHUSDT,3903.23000000,0.00140000
1761315932920,ETHUSDT,3903.22000000,0.00150000
1761315932923,ETHUSDT,3903.23000000,0.01280000
1761315932942,ETHUSDT,3903.22000000,0.00140000
1761315932942,ETHUSDT,3903.22000000,0.00140000
1761315932942,ETHUSDT,3903.22000000,0.00140000
1761315932942,ETHUSDT,3903.22000000,0.00140000
1761315932942,ETHUSDT,3903.22000000,0.00140000
1761315932942,ETHUSDT,3903.22000000,0.00140000
1761315932942,ETHUSDT,3903.22000000,0.00140000
1761315932942,ETHUSDT,3903.22000000,0.00140000
1761315932942,ETHUSDT,3903.22000000,0.00140000
1761315932942,ETHUSDT,3903.22000000,0.10490000
1761315932942,ETHUSDT,3903.22000000,0.39480000
1761315932946,ETHUSDT,3903.22000000,0.25930000
1761315932947,ETHUSDT,3903.22000000,0.25460000
1761315932948,ETHUSDT,3903.22000000,0.28590000
1761315932948,ETHUSDT,3903.22000000,0.00140000
1761315932948,ETHUSDT,3903.22000000,0.28830000
1761315932948,ETHUSDT,3903.22000000,0.00140000
1761315932948,ETHUSDT,3903.22000000,0.00140000
1761315932948,ETHUSDT,3903.22000000,0.00140000
1761315932948,ETHUSDT,3903.22000000,0.00140000
1761315932951,ETHUSDT,3903.21000000,0.62040000
1761315932951,ETHUSDT,3903.21000000,0.04060000
1761315932951,ETHUSDT,3903.21000000,0.00140000
1761315932951,ETHUSDT,3903.21000000,0.00140000
1761315932951,ETHUSDT,3903.21000000,0.00140000
1761315932951,ETHUSDT,3903.21000000,0.00140000
1761315932951,ETHUSDT,3903.21000000,0.00140000
1761315932951,ETHUSDT,3903.21000000,0.00140000
1761315932951,ETHUSDT,3903.21000000,0.00140000
1761315932951,ETHUSDT,3903.21000000,0.00140000
1761315932951,ETHUSDT,3903.21000000,0.00140000
1761315932951,ETHUSDT,3903.21000000,0.00140000
1761315932951,ETHUSDT,3903.21000000,0.00140000
1761315932951,ETHUSDT,3903.21000000,0.00140000
1761315932951,ETHUSDT,3903.21000000,0.00140000
1761315932951,ETHUSDT,3903.21000000,0.00140000
1761315932951,ETHUSDT,3903.21000000,0.00140000
1761315932951,ETHUSDT,3903.21000000,0.00140000
1761315932954,ETHUSDT,3903.20000000,0.00130000
1761315932954,ETHUSDT,3903.20000000,0.00200000
1761315932954,ETHUSDT,3903.20000000,0.00140000
1761315932954,ETHUSDT,3903.20000000,0.00140000
1761315932954,ETHUSDT,3903.20000000,0.00140000
1761315932954,ETHUSDT,3903.20000000,0.00140000
1761315932954,ETHUSDT,3903.20000000,0.00140000
1761315932954,ETHUSDT,3903.20000000,0.00140000
1761315932954,ETHUSDT,3903.20000000,0.00140000
1761315932954,ETHUSDT,3903.20000000,0.00140000
1761315932954,ETHUSDT,3903.20000000,0.00140000
1761315932954,ETHUSDT,3903.20000000,0.00140000
1761315932954,ETHUSDT,3903.20000000,0.00140000
1761315932954,ETHUSDT,3903.20000000,0.00140000
1761315932954,ETHUSDT,3903.20000000,0.00140000
1761315932954,ETHUSDT,3903.20000000,0.00140000
1761315932954,ETHUSDT,3903.20000000,0.00300000
1761315932954,ETHUSDT,3903.20000000,0.00140000
1761315932956,ETHUSDT,3903.19000000,0.10000000
1761315932956,ETHUSDT,3903.19000000,0.00140000
1761315932956,ETHUSDT,3903.19000000,0.00140000
1761315932956,ETHUSDT,3903.19000000,0.00140000
1761315932956,ETHUSDT,3903.19000000,0.00140000
1761315932956,ETHUSDT,3903.19000000,0.00140000
1761315932956,ETHUSDT,3903.19000000,0.00140000
1761315932956,ETHUSDT,3903.19000000,0.00140000
1761315932956,ETHUSDT,3903.19000000,0.00140000
1761315932959,ETHUSDT,3903.18000000,0.02980000
1761315932959,ETHUSDT,3903.18000000,0.00140000
1761315932959,ETHUSDT,3903.18000000,0.00140000
1761315932959,ETHUSDT,3903.18000000,0.00140000
1761315932959,ETHUSDT,3903.18000000,0.00140000
1761315932959,ETHUSDT,3903.18000000,0.00140000
1761315932959,ETHUSDT,3903.18000000,0.00140000
1761315932959,ETHUSDT,3903.18000000,0.00140000
1761315932959,ETHUSDT,3903.18000000,0.00140000
1761315932959,ETHUSDT,3903.18000000,0.00140000
1761315932959,ETHUSDT,3903.18000000,0.00140000
1761315932959,ETHUSDT,3903.18000000,0.00140000
1761315932959,ETHUSDT,3903.18000000,0.00140000
1761315932959,ETHUSDT,3903.18000000,0.00340000
1761315932959,ETHUSDT,3903.17000000,0.03850000
1761315932959,ETHUSDT,3903.17000000,0.00130000
1761315932959,ETHUSDT,3903.17000000,0.00130000
1761315932959,ETHUSDT,3903.17000000,0.00140000
1761315932959,ETHUSDT,3903.17000000,0.00140000
1761315932959,ETHUSDT,3903.17000000,0.00140000
1761315932959,ETHUSDT,3903.17000000,0.00140000
1761315932959,ETHUSDT,3903.17000000,0.00140000
1761315932959,ETHUSDT,3903.17000000,0.00140000
1761315932959,ETHUSDT,3903.15000000,0.00140000
1761315932959,ETHUSDT,3903.15000000,0.00140000
1761315932959,ETHUSDT,3903.15000000,0.00140000
1761315932959,ETHUSDT,3903.14000000,0.00140000
1761315932959,ETHUSDT,3903.12000000,0.07690000
1761315932959,ETHUSDT,3903.12000000,0.00140000
1761315932959,ETHUSDT,3903.10000000,0.01540000
1761315932959,ETHUSDT,3903.10000000,0.00140000
1761315932959,ETHUSDT,3903.05000000,0.00140000
1761315932959,ETHUSDT,3903.04000000,0.00140000
1761315932961,ETHUSDT,3903.02000000,0.00140000
1761315932961,ETHUSDT,3902.98000000,0.00130000
1761315932961,ETHUSDT,3902.98000000,0.00160000
1761315932961,ETHUSDT,3902.98000000,0.00130000
1761315932961,ETHUSDT,3902.98000000,0.00140000
1761315932962,ETHUSDT,3902.92000000,0.00140000
1761315932962,ETHUSDT,3902.92000000,0.00140000
1761315932962,ETHUSDT,3902.92000000,0.25500000
1761315933109,ETHUSDT,3902.93000000,0.00250000
1761315933180,ETHUSDT,3902.92000000,0.01300000
1761315933180,ETHUSDT,3902.92000000,0.06080000
1761315933180,ETHUSDT,3902.92000000,0.00140000
1761315933180,ETHUSDT,3902.92000000,0.00140000
1761315933180,ETHUSDT,3902.92000000,0.00140000
1761315933180,ETHUSDT,3902.92000000,0.00140000
1761315933180,ETHUSDT,3902.92000000,0.17680000
1761315933316,BTCUSDT,109818.50000000,0.00046000
1761315933417,BTCUSDT,109818.50000000,0.00763000
1761315933419,ETHUSDT,3902.92000000,0.00820000
1761315933441,BTCUSDT,109818.49000000,0.00005000
1761315933441,BTCUSDT,109818.49000000,0.00045000
1761315933441,BTCUSDT,109818.49000000,0.00180000
1761315933441,BTCUSDT,109818.49000000,0.00005000
1761315933441,BTCUSDT,109818.49000000,0.00665000
1761315933450,ETHUSDT,3902.92000000,0.15680000
1761315933450,ETHUSDT,3902.92000000,0.46350000
1761315933452,ETHUSDT,3902.93000000,0.08280000
1761315933470,ETHUSDT,3902.93000000,1.26390000
1761315933470,ETHUSDT,3902.93000000,2.01200000
1761315933470,BTCUSDT,109818.50000000,0.00005000
1761315933470,BTCUSDT,109818.50000000,0.00005000
1761315933470,BTCUSDT,109818.50000000,0.00005000
1761315933470,BTCUSDT,109818.50000000,0.00005000
1761315933470,BTCUSDT,109818.50000000,0.03785000
1761315933485,ETHUSDT,3902.93000000,0.05100000
1761315933485,ETHUSDT,3902.93000000,0.00140000
1761315933485,ETHUSDT,3902.93000000,0.00150000
1761315933485,ETHUSDT,3902.93000000,0.10000000
1761315933485,ETHUSDT,3902.93000000,0.00150000
1761315933485,ETHUSDT,3902.93000000,0.00140000
1761315933485,ETHUSDT,3902.93000000,0.00140000
1761315933485,ETHUSDT,3902.93000000,0.00150000
1761315933485,ETHUSDT,3902.93000000,0.14600000
1761315933485,ETHUSDT,3902.93000000,0.00870000
1761315933485,ETHUSDT,3902.93000000,0.03990000
1761315933485,ETHUSDT,3902.93000000,0.08170000
1761315933485,ETHUSDT,3902.93000000,0.00140000
1761315933485,ETHUSDT,3902.93000000,0.00140000
1761315933485,ETHUSDT,3902.93000000,0.00140000
1761315933485,ETHUSDT,3902.93000000,0.00140000
1761315933485,ETHUSDT,3902.93000000,0.00140000
1761315933485,ETHUSDT,3902.93000000,0.00140000
1761315933487,ETHUSDT,3902.94000000,0.00140000
1761315933487,ETHUSDT,3902.94000000,0.00150000
1761315933487,ETHUSDT,3902.94000000,0.00150000
1761315933487,ETHUSDT,3902.94000000,0.00140000
1761315933487,ETHUSDT,3902.94000000,0.00140000
1761315933487,ETHUSDT,3902.94000000,0.00140000
1761315933487,ETHUSDT,3902.94000000,0.00140000
1761315933487,ETHUSDT,3902.94000000,0.00140000
1761315933489,ETHUSDT,3902.95000000,0.00140000
1761315933489,ETHUSDT,3902.95000000,0.00140000
1761315933489,ETHUSDT,3902.95000000,0.00140000
1761315933489,ETHUSDT,3902.95000000,0.00140000
1761315933489,ETHUSDT,3902.95000000,0.00120000
1761315933491,ETHUSDT,3902.95000000,0.00020000
1761315933491,ETHUSDT,3902.95000000,0.00150000
1761315933491,ETHUSDT,3902.95000000,0.00150000
1761315933491,ETHUSDT,3902.95000000,0.00140000
1761315933491,ETHUSDT,3902.95000000,0.00140000
1761315933491,ETHUSDT,3902.95000000,0.00140000
1761315933491,ETHUSDT,3902.95000000,0.00140000
1761315933491,ETHUSDT,3902.96000000,0.00140000
1761315933491,ETHUSDT,3902.96000000,0.00140000
1761315933491,ETHUSDT,3902.96000000,0.00140000
1761315933491,ETHUSDT,3902.96000000,0.00140000
1761315933491,ETHUSDT,3902.98000000,0.00130000
1761315933491,ETHUSDT,3902.98000000,0.00140000
1761315933491,ETHUSDT,3903.02000000,0.00140000
1761315933491,ETHUSDT,3903.03000000,0.00140000
1761315933491,ETHUSDT,3903.04000000,0.00260000
1761315933499,BTCUSDT,109818.50000000,0.00045000
1761315933499,BTCUSDT,109818.50000000,0.00097000
1761315933519,ETHUSDT,3903.08000000,0.02980000
1761315933519,ETHUSDT,3903.08000000,0.00150000
1761315933519,ETHUSDT,3903.08000000,0.00140000
1761315933519,ETHUSDT,3903.08000000,0.05890000
1761315933519,ETHUSDT,3903.08000000,0.00150000
1761315933519,ETHUSDT,3903.08000000,0.00150000
1761315933519,ETHUSDT,3903.08000000,0.00150000
1761315933519,ETHUSDT,3903.09000000,0.00140000
1761315933519,ETHUSDT,3903.10000000,0.00120000
1761315933522,ETHUSDT,3903.09000000,0.00140000
1761315933522,ETHUSDT,3903.09000000,0.00120000
1761315933522,ETHUSDT,3903.09000000,0.00260000
1761315933525,ETHUSDT,3903.09000000,0.00150000
1761315933525,ETHUSDT,3903.09000000,0.00150000
1761315933525,ETHUSDT,3903.09000000,0.00140000
1761315933525,ETHUSDT,3903.09000000,0.01300000
1761315933525,ETHUSDT,3903.09000000,0.00140000
1761315933525,ETHUSDT,3903.10000000,0.00140000
1761315933525,ETHUSDT,3903.10000000,0.00140000
1761315933525,ETHUSDT,3903.10000000,0.00260000
1761315933525,ETHUSDT,3903.11000000,0.00140000
1761315933525,ETHUSDT,3903.11000000,0.00140000
1761315933525,ETHUSDT,3903.12000000,0.00140000
1761315933526,ETHUSDT,3903.13000000,0.00140000
1761315933526,ETHUSDT,3903.14000000,0.00140000
1761315933526,ETHUSDT,3903.15000000,0.00140000
1761315933526,ETHUSDT,3903.15000000,0.00140000
1761315933526,ETHUSDT,3903.17000000,0.00130000
1761315933526,ETHUSDT,3903.17000000,0.00140000
1761315933526,ETHUSDT,3903.20000000,0.00130000
1761315933526,ETHUSDT,3903.20000000,0.00140000
1761315933526,ETHUSDT,3903.21000000,0.00140000
1761315933526,ETHUSDT,3903.36000000,0.00130000
1761315933526,ETHUSDT,3903.36000000,0.05000000
1761315933526,ETHUSDT,3903.36000000,0.00150000
1761315933526,ETHUSDT,3903.42000000,0.00260000
1761315933526,ETHUSDT,3903.50000000,0.00200000
1761315933526,ETHUSDT,3903.50000000,0.01540000
1761315933526,ETHUSDT,3903.50000000,0.00150000
1761315933526,ETHUSDT,3903.52000000,0.07690000
1761315933526,ETHUSDT,3903.52000000,0.00150000
1761315933526,ETHUSDT,3903.54000000,0.00140000
1761315933526,ETHUSDT,3903.54000000,0.00140000
1761315933526,ETHUSDT,3903.54000000,0.11270000
1761315933527,ETHUSDT,3903.54000000,0.60840000
1761315933576,ETHUSDT,3903.54000000,0.00140000
1761315933576,ETHUSDT,3903.54000000,0.00140000
1761315933576,ETHUSDT,3903.54000000,0.25310000
1761315933585,ETHUSDT,3903.54000000,0.25600000
1761315933594,ETHUSDT,3903.54000000,0.25600000
1761315933601,ETHUSDT,3903.54000000,0.25600000
1761315933612,BTCUSDT,109818.50000000,0.00083000
1761315933612,BTCUSDT,109818.50000000,0.00098000
1761315933859,ETHUSDT,3903.54000000,0.00150000
1761315933859,ETHUSDT,3903.54000000,0.00140000
1761315933859,ETHUSDT,3903.54000000,0.01300000
1761315933859,ETHUSDT,3903.54000000,0.00140000
1761315933859,ETHUSDT,3903.54000000,0.00770000
1761315933862,ETHUSDT,3903.54000000,0.02560000
1761315933862,ETHUSDT,3903.54000000,0.00140000
1761315933862,ETHUSDT,3903.54000000,0.00140000
1761315933862,ETHUSDT,3903.54000000,0.00140000
1761315933862,ETHUSDT,3903.54000000,0.00140000
1761315933862,ETHUSDT,3903.54000000,0.00140000
1761315933862,ETHUSDT,3903.55000000,0.00130000
1761315933862,ETHUSDT,3903.55000000,0.00140000
1761315933862,ETHUSDT,3903.55000000,0.00140000
1761315933862,ETHUSDT,3903.55000000,0.00140000
1761315933862,ETHUSDT,3903.55000000,0.00140000
1761315933862,ETHUSDT,3903.55000000,0.00140000
1761315933862,ETHUSDT,3903.55000000,0.00140000
1761315933862,ETHUSDT,3903.55000000,0.00130000
1761315933862,ETHUSDT,3903.55000000,0.00150000
1761315933862,ETHUSDT,3903.56000000,0.00140000
1761315933862,ETHUSDT,3903.57000000,0.03850000
1761315933862,ETHUSDT,3903.57000000,0.00140000
1761315933862,ETHUSDT,3903.57000000,0.00150000
1761315933862,ETHUSDT,3903.58000000,0.00140000
1761315933862,ETHUSDT,3903.61000000,0.00140000
1761315933862,ETHUSDT,3903.61000000,0.00140000
1761315933862,ETHUSDT,3903.61000000,0.00140000
1761315933862,ETHUSDT,3903.61000000,0.00140000
1761315933952,BTCUSDT,109818.49000000,0.00010000
1761315933969,ETHUSDT,3903.62000000,0.00140000
1761315933969,ETHUSDT,3903.62000000,0.00140000
1761315933969,ETHUSDT,3903.62000000,0.00140000
1761315933969,ETHUSDT,3903.62000000,0.00150000
1761315933969,ETHUSDT,3903.62000000,0.00150000
1761315933969,ETHUSDT,3903.62000000,0.00150000
1761315933969,ETHUSDT,3903.62000000,0.00140000
1761315933969,ETHUSDT,3903.62000000,0.00140000
1761315933969,ETHUSDT,3903.63000000,0.00140000
1761315933969,ETHUSDT,3903.63000000,0.00140000
1761315933969,ETHUSDT,3903.63000000,0.00140000
1761315933969,ETHUSDT,3903.63000000,0.00140000
1761315933969,ETHUSDT,3903.63000000,0.00140000
1761315933969,ETHUSDT,3903.64000000,0.00140000
1761315933969,ETHUSDT,3903.64000000,0.00140000
1761315933969,ETHUSDT,3903.64000000,0.00140000
1761315933969,ETHUSDT,3903.64000000,0.00140000
1761315933983,BTCUSDT,109818.50000000,0.00270000
1761315933983,BTCUSDT,109818.50000000,0.00005000
1761315933983,BTCUSDT,109818.50000000,0.00005000
1761315933983,BTCUSDT,109818.50000000,0.00005000
1761315933983,BTCUSDT,109818.50000000,0.00005000
1761315933983,BTCUSDT,109818.50000000,0.00005000
1761315933983,BTCUSDT,109818.50000000,0.00093000
1761315933983,BTCUSDT,109818.50000000,0.00005000
1761315933983,BTCUSDT,109818.50000000,0.00005000
1761315933983,BTCUSDT,109818.50000000,0.00005000
1761315933983,BTCUSDT,109818.50000000,0.04071000
1761315933983,BTCUSDT,109818.50000000,0.00045000
1761315933983,BTCUSDT,109818.50000000,0.00005000
1761315933983,BTCUSDT,109818.50000000,0.00005000
1761315933983,BTCUSDT,109818.50000000,0.00005000
1761315933983,BTCUSDT,109818.50000000,0.00005000
1761315933983,BTCUSDT,109818.50000000,0.00005000
1761315933983,BTCUSDT,109818.50000000,0.00005000
1761315933983,BTCUSDT,109818.50000000,0.00005000
1761315933983,BTCUSDT,109818.50000000,0.00005000
1761315933983,BTCUSDT,109818.51000000,0.00005000
1761315933983,BTCUSDT,109818.51000000,0.00005000
1761315933983,BTCUSDT,109818.58000000,0.00010000
1761315933983,BTCUSDT,109819.20000000,0.00005000
1761315933983,BTCUSDT,109819.24000000,0.00300000
1761315933983,BTCUSDT,109819.24000000,0.00005000
1761315933983,BTCUSDT,109819.24000000,0.00005000
1761315933983,BTCUSDT,109819.24000000,0.00005000
1761315933983,BTCUSDT,109819.24000000,0.00005000
1761315933983,BTCUSDT,109820.00000000,0.00005000
1761315933983,ETHUSDT,3903.65000000,0.00140000
1761315933983,ETHUSDT,3903.65000000,0.00150000
1761315933983,ETHUSDT,3903.65000000,0.00150000
1761315933983,ETHUSDT,3903.65000000,0.00140000
1761315933983,ETHUSDT,3903.65000000,0.00140000
1761315933983,ETHUSDT,3903.65000000,0.00140000
1761315933983,ETHUSDT,3903.65000000,0.00140000
1761315933983,ETHUSDT,3903.65000000,0.00140000
1761315933983,ETHUSDT,3903.65000000,0.00140000
1761315933983,ETHUSDT,3903.65000000,0.00140000
1761315933983,ETHUSDT,3903.65000000,0.00140000
1761315933983,ETHUSDT,3903.66000000,0.05130000
1761315933983,ETHUSDT,3903.66000000,0.00140000
1761315933983,ETHUSDT,3903.66000000,0.00150000
1761315933983,ETHUSDT,3903.66000000,0.00150000
1761315933983,ETHUSDT,3903.66000000,0.00140000
1761315933983,ETHUSDT,3903.66000000,0.00140000
1761315933983,ETHUSDT,3903.66000000,0.00140000
1761315933983,ETHUSDT,3903.66000000,0.00140000
1761315933983,ETHUSDT,3903.70000000,0.00260000
1761315933984,BTCUSDT,109823.32000000,0.00010000
1761315933984,BTCUSDT,109824.00000000,0.00006000
1761315933984,BTCUSDT,109824.00000000,0.00005000
1761315933984,BTCUSDT,109824.68000000,0.00005000
1761315933984,BTCUSDT,109829.48000000,0.00005000
1761315933984,BTCUSDT,109829.48000000,0.00005000
1761315933984,BTCUSDT,109829.48000000,0.00891000
1761315933984,BTCUSDT,109829.48000000,0.02135000
1761315933984,ETHUSDT,3903.72000000,0.00140000
1761315933984,BTCUSDT,109829.48000000,0.00676000
1761315933986,ETHUSDT,3903.74000000,0.00130000
1761315933986,ETHUSDT,3903.74000000,0.00130000
1761315933986,ETHUSDT,3903.74000000,0.00140000
1761315933986,ETHUSDT,3903.75000000,0.00140000
1761315933986,ETHUSDT,3903.75000000,0.00140000
1761315933986,ETHUSDT,3903.75000000,0.00140000
1761315933986,ETHUSDT,3903.75000000,0.81710000
1761315933986,ETHUSDT,3903.75000000,0.00140000
1761315933986,ETHUSDT,3903.76000000,0.00140000
1761315933986,ETHUSDT,3903.76000000,0.00150000
1761315933986,ETHUSDT,3903.76000000,0.00150000
1761315933987,ETHUSDT,3903.79000000,0.00140000
1761315933987,ETHUSDT,3903.86000000,0.02980000
1761315933987,ETHUSDT,3903.86000000,0.00150000
1761315933987,ETHUSDT,3903.86000000,0.00150000
1761315933987,ETHUSDT,3903.86000000,0.00140000
1761315933987,ETHUSDT,3903.90000000,0.00200000
1761315933987,ETHUSDT,3903.90000000,0.01540000
1761315933987,ETHUSDT,3903.90000000,0.00140000
1761315933987,ETHUSDT,3903.91000000,0.07690000
1761315933987,ETHUSDT,3903.91000000,0.00140000
1761315933987,ETHUSDT,3903.93000000,0.00130000
1761315933987,ETHUSDT,3903.93000000,0.00130000
1761315933987,ETHUSDT,3903.93000000,0.00140000
1761315933987,ETHUSDT,3903.93000000,0.00140000
1761315933987,ETHUSDT,3903.93000000,0.00160000
1761315933987,ETHUSDT,3903.93000000,0.00140000
1761315933987,ETHUSDT,3903.96000000,0.03850000
1761315933987,ETHUSDT,3903.98000000,0.00260000
1761315933987,ETHUSDT,3904.00000000,0.00130000
1761315933987,ETHUSDT,3904.00000000,0.05000000
1761315933987,ETHUSDT,3904.00000000,0.00150000
1761315933990,BTCUSDT,109823.27000000,0.00005000
1761315933990,BTCUSDT,109823.27000000,0.00005000
1761315933991,BTCUSDT,109823.27000000,0.00005000
1761315933991,BTCUSDT,109823.27000000,0.00005000
1761315933991,BTCUSDT,109823.27000000,0.00005000
1761315933991,BTCUSDT,109823.27000000,0.00005000
1761315933991,BTCUSDT,109823.27000000,0.00005000
1761315933991,BTCUSDT,109823.27000000,0.00005000
1761315933991,BTCUSDT,109823.27000000,0.00005000
1761315933991,BTCUSDT,109823.27000000,0.00005000
1761315933991,BTCUSDT,109823.27000000,0.00005000
1761315933991,BTCUSDT,109823.27000000,0.00005000
1761315933991,BTCUSDT,109823.27000000,0.00005000
1761315933991,BTCUSDT,109823.27000000,0.00005000
1761315933991,BTCUSDT,109823.27000000,0.00005000
1761315933991,BTCUSDT,109823.27000000,0.00005000
1761315933992,BTCUSDT,109823.27000000,0.00005000
1761315933992,BTCUSDT,109823.27000000,0.00005000
1761315933992,BTCUSDT,109823.27000000,0.00005000
1761315933992,BTCUSDT,109823.27000000,0.00005000
1761315933993,BTCUSDT,109823.27000000,0.00005000
1761315933993,BTCUSDT,109823.27000000,0.00005000
1761315933993,BTCUSDT,109823.27000000,0.00005000
1761315933993,BTCUSDT,109823.27000000,0.00005000
1761315933993,BTCUSDT,109823.27000000,0.00005000
1761315933993,BTCUSDT,109823.27000000,0.00005000
1761315933993,BTCUSDT,109823.27000000,0.00005000
1761315933993,BTCUSDT,109823.28000000,0.00005000
1761315933993,BTCUSDT,109823.28000000,0.00005000
1761315933993,BTCUSDT,109823.28000000,0.00005000
1761315933993,BTCUSDT,109823.28000000,0.00005000
1761315933993,BTCUSDT,109823.28000000,0.00005000
1761315933993,BTCUSDT,109823.28000000,0.00005000
1761315933993,BTCUSDT,109823.28000000,0.00005000
1761315933993,BTCUSDT,109823.28000000,0.00005000
1761315933993,BTCUSDT,109823.28000000,0.00005000
1761315933993,BTCUSDT,109823.28000000,0.00005000
1761315933993,BTCUSDT,109823.28000000,0.00005000
1761315933993,BTCUSDT,109823.28000000,0.00005000
1761315933993,BTCUSDT,109823.28000000,0.00005000
1761315933993,BTCUSDT,109823.28000000,0.00005000
1761315933993,BTCUSDT,109823.28000000,0.00005000
1761315933993,BTCUSDT,109823.28000000,0.00005000
1761315933993,BTCUSDT,109823.28000000,0.00005000
1761315933993,BTCUSDT,109823.28000000,0.00005000
1761315933993,BTCUSDT,109823.28000000,0.00005000
1761315933993,BTCUSDT,109823.28000000,0.00005000
1761315933993,BTCUSDT,109823.28000000,0.00005000
1761315933993,BTCUSDT,109823.28000000,0.00005000
1761315933993,BTCUSDT,109823.28000000,0.00005000
1761315933993,BTCUSDT,109823.28000000,0.00005000
1761315933993,BTCUSDT,109824.68000000,0.00005000
1761315933993,BTCUSDT,109829.45000000,0.08764000
1761315933994,ETHUSDT,3904.03000000,0.00140000
1761315933994,ETHUSDT,3904.03000000,0.00010000
1761315933997,ETHUSDT,3904.03000000,0.00130000
1761315933997,ETHUSDT,3904.03000000,0.00140000
1761315933997,ETHUSDT,3904.03000000,0.00140000
1761315933997,ETHUSDT,3904.03000000,0.00140000
1761315933997,ETHUSDT,3904.03000000,0.00140000
1761315933997,ETHUSDT,3904.03000000,0.00140000
1761315933997,ETHUSDT,3904.04000000,1.31070000
1761315934001,BTCUSDT,109823.26000000,0.00080000
1761315934001,BTCUSDT,109823.26000000,0.00070000
1761315934001,BTCUSDT,109823.26000000,0.03260000
1761315934001,BTCUSDT,109823.27000000,0.00005000
1761315934001,BTCUSDT,109829.47000000,0.00005000
1761315934001,BTCUSDT,109829.47000000,0.00005000
1761315934005,BTCUSDT,109823.27000000,0.00005000
1761315934005,BTCUSDT,109823.27000000,0.00005000
1761315934005,BTCUSDT,109829.45000000,0.00005000
1761315934005,BTCUSDT,109829.45000000,0.00005000
1761315934005,BTCUSDT,109829.45000000,0.00005000
1761315934005,BTCUSDT,109829.45000000,0.00005000
1761315934005,BTCUSDT,109829.45000000,0.00005000
1761315934005,BTCUSDT,109829.45000000,0.00005000
1761315934005,BTCUSDT,109829.45000000,0.00005000
1761315934005,BTCUSDT,109829.45000000,0.00005000
1761315934005,BTCUSDT,109829.46000000,0.00005000
1761315934005,BTCUSDT,109829.46000000,0.00005000
1761315934005,BTCUSDT,109829.46000000,0.00005000
1761315934005,BTCUSDT,109829.46000000,0.00005000
1761315934005,BTCUSDT,109829.46000000,0.00005000
1761315934005,BTCUSDT,109829.46000000,0.00005000
1761315934005,BTCUSDT,109829.46000000,0.00005000
1761315934005,BTCUSDT,109829.46000000,0.00005000
1761315934005,BTCUSDT,109829.47000000,0.00005000
1761315934005,BTCUSDT,109829.48000000,0.00005000
1761315934005,BTCUSDT,109829.48000000,0.00005000
1761315934005,BTCUSDT,109829.48000000,0.00005000
1761315934005,BTCUSDT,109829.48000000,0.00005000
1761315934005,BTCUSDT,109829.48000000,0.00005000
1761315934005,BTCUSDT,109829.48000000,0.00005000
1761315934005,BTCUSDT,109829.48000000,0.00005000
1761315934005,BTCUSDT,109829.48000000,0.02093000
1761315934007,BTCUSDT,109829.48000000,0.02329000
1761315934017,BTCUSDT,109829.48000000,0.00129000
1761315934017,BTCUSDT,109829.48000000,0.00005000
1761315934017,BTCUSDT,109829.48000000,0.01138000
1761315934019,BTCUSDT,109829.48000000,0.00005000
1761315934019,BTCUSDT,109829.48000000,0.00005000
1761315934019,BTCUSDT,109829.48000000,0.00005000
1761315934019,BTCUSDT,109829.48000000,0.00005000
1761315934019,BTCUSDT,109829.48000000,0.00005000
1761315934019,BTCUSDT,109829.48000000,0.00005000
1761315934019,BTCUSDT,109829.48000000,0.00005000
1761315934019,BTCUSDT,109829.48000000,0.00005000
1761315934019,BTCUSDT,109829.48000000,0.00005000
1761315934019,BTCUSDT,109829.48000000,0.00005000
1761315934019,BTCUSDT,109829.48000000,0.00005000
1761315934019,BTCUSDT,109829.48000000,0.00005000
1761315934019,BTCUSDT,109829.48000000,0.00005000
1761315934019,BTCUSDT,109829.48000000,0.00005000
1761315934019,BTCUSDT,109829.48000000,0.00005000
1761315934019,BTCUSDT,109829.48000000,0.00005000
1761315934019,BTCUSDT,109829.48000000,0.00005000
1761315934019,BTCUSDT,109829.48000000,0.00005000
1761315934019,BTCUSDT,109829.48000000,0.00005000
1761315934019,BTCUSDT,109829.49000000,0.00005000
1761315934019,BTCUSDT,109829.49000000,0.00005000
1761315934019,BTCUSDT,109829.49000000,0.00005000
1761315934019,BTCUSDT,109829.49000000,0.00005000
1761315934019,BTCUSDT,109829.49000000,0.00005000
1761315934019,BTCUSDT,109829.49000000,0.00005000
1761315934019,BTCUSDT,109829.49000000,0.00005000
1761315934019,BTCUSDT,109829.49000000,0.00005000
1761315934019,BTCUSDT,109829.49000000,0.00005000
1761315934019,BTCUSDT,109829.49000000,0.00005000
1761315934019,BTCUSDT,109829.49000000,0.00005000
1761315934019,BTCUSDT,109829.49000000,0.00005000
1761315934019,BTCUSDT,109829.49000000,0.00005000
1761315934019,BTCUSDT,109829.49000000,0.00005000
1761315934019,BTCUSDT,109829.50000000,0.00005000
1761315934019,BTCUSDT,109830.16000000,0.00005000
1761315934019,BTCUSDT,109831.67000000,0.00005000
1761315934019,BTCUSDT,109831.67000000,0.00005000
1761315934019,BTCUSDT,109831.67000000,0.00005000
1761315934019,BTCUSDT,109831.68000000,0.00005000
1761315934019,BTCUSDT,109831.77000000,0.00010000
1761315934019,BTCUSDT,109831.95000000,0.00300000
1761315934019,BTCUSDT,109831.99000000,0.00005000
1761315934019,BTCUSDT,109831.99000000,0.00005000
1761315934019,BTCUSDT,109831.99000000,0.00005000
1761315934019,BTCUSDT,109832.00000000,0.00005000
1761315934019,BTCUSDT,109832.23000000,0.00005000
1761315934019,BTCUSDT,109832.77000000,0.00005000
1761315934019,BTCUSDT,109832.77000000,0.00005000
1761315934019,BTCUSDT,109832.77000000,0.00005000
1761315934019,BTCUSDT,109832.78000000,0.00090000
1761315934019,BTCUSDT,109832.78000000,0.00005000
1761315934019,BTCUSDT,109832.80000000,0.00250000
1761315934019,BTCUSDT,109832.84000000,0.00005000
1761315934019,BTCUSDT,109832.85000000,0.00005000
1761315934019,BTCUSDT,109834.68000000,0.00010000
1761315934019,BTCUSDT,109834.98000000,0.00069000
1761315934019,BTCUSDT,109835.00000000,0.00006000
1761315934019,BTCUSDT,109835.00000000,0.00005000
1761315934019,BTCUSDT,109835.28000000,0.00090000
1761315934019,BTCUSDT,109835.64000000,0.00005000
1761315934019,BTCUSDT,109837.20000000,0.00250000
1761315934019,BTCUSDT,109837.26000000,0.00005000
1761315934019,BTCUSDT,109837.34000000,0.00005000
1761315934019,BTCUSDT,109837.81000000,0.00007000
1761315934019,BTCUSDT,109838.06000000,0.00090000
1761315934019,BTCUSDT,109838.26000000,0.00006000
1761315934019,BTCUSDT,109839.81000000,0.00005000
1761315934019,BTCUSDT,109840.00000000,0.00005000
1761315934019,BTCUSDT,109840.24000000,0.00010000
1761315934019,BTCUSDT,109840.40000000,0.00090000
1761315934019,BTCUSDT,109840.46000000,0.00614000
1761315934019,BTCUSDT,109840.46000000,0.00089000
1761315934043,BTCUSDT,109840.46000000,0.02000000
1761315934094,ETHUSDT,3904.04000000,0.00140000
1761315934094,ETHUSDT,3904.04000000,0.00140000
1761315934094,ETHUSDT,3904.04000000,0.00140000
1761315934094,ETHUSDT,3904.04000000,0.00140000
1761315934094,ETHUSDT,3904.04000000,0.00140000
1761315934094,ETHUSDT,3904.04000000,0.00140000
1761315934094,ETHUSDT,3904.04000000,0.00140000
1761315934094,ETHUSDT,3904.04000000,0.00150000
1761315934094,ETHUSDT,3904.04000000,0.00150000
1761315934094,ETHUSDT,3904.04000000,0.00140000
1761315934094,ETHUSDT,3904.04000000,0.00140000
1761315934094,ETHUSDT,3904.04000000,0.00140000
1761315934094,ETHUSDT,3904.04000000,0.00140000
1761315934094,ETHUSDT,3904.04000000,0.00140000
1761315934094,ETHUSDT,3904.04000000,0.00140000
1761315934094,ETHUSDT,3904.04000000,0.00140000
1761315934094,ETHUSDT,3904.04000000,0.00140000
1761315934094,ETHUSDT,3904.04000000,0.00140000
1761315934094,ETHUSDT,3904.04000000,0.00140000
1761315934094,ETHUSDT,3904.05000000,0.05130000
1761315934094,ETHUSDT,3904.05000000,0.00140000
1761315934094,ETHUSDT,3904.05000000,0.00140000
1761315934094,ETHUSDT,3904.05000000,0.00140000
1761315934094,ETHUSDT,3904.05000000,0.00140000
1761315934094,ETHUSDT,3904.05000000,0.00140000
1761315934094,ETHUSDT,3904.05000000,0.00140000
1761315934101,ETHUSDT,3904.05000000,0.00140000
1761315934101,ETHUSDT,3904.05000000,0.00140000
1761315934101,ETHUSDT,3904.05000000,0.00140000
1761315934101,ETHUSDT,3904.05000000,0.00140000
1761315934101,ETHUSDT,3904.05000000,0.00140000
1761315934101,ETHUSDT,3904.05000000,0.00140000
1761315934101,ETHUSDT,3904.05000000,0.00140000
1761315934101,ETHUSDT,3904.05000000,0.00260000
1761315934103,ETHUSDT,3904.05000000,0.00140000
1761315934103,ETHUSDT,3904.05000000,0.00120000
1761315934103,ETHUSDT,3904.05000000,0.00020000
1761315934103,ETHUSDT,3904.05000000,0.00140000
1761315934103,ETHUSDT,3904.05000000,0.00100000
1761315934104,ETHUSDT,3904.05000000,0.00040000
1761315934104,ETHUSDT,3904.05000000,0.00140000
1761315934104,ETHUSDT,3904.05000000,0.00080000
1761315934104,ETHUSDT,3904.05000000,0.00060000
1761315934104,ETHUSDT,3904.05000000,0.00140000
1761315934104,ETHUSDT,3904.05000000,0.00060000
1761315934105,ETHUSDT,3904.05000000,0.00080000
1761315934105,ETHUSDT,3904.05000000,0.00140000
1761315934105,ETHUSDT,3904.05000000,0.00040000
1761315934109,ETHUSDT,3904.05000000,0.00100000
1761315934109,ETHUSDT,3904.05000000,0.00140000
1761315934109,ETHUSDT,3904.05000000,0.00140000
1761315934109,ETHUSDT,3904.05000000,0.00140000
1761315934109,ETHUSDT,3904.06000000,0.00140000
1761315934109,ETHUSDT,3904.06000000,0.00120000
1761315934113,ETHUSDT,3904.06000000,0.00020000
1761315934113,ETHUSDT,3904.06000000,0.00140000
1761315934113,ETHUSDT,3904.06000000,0.00100000
1761315934114,ETHUSDT,3904.06000000,0.00040000
1761315934114,ETHUSDT,3904.06000000,0.00140000
1761315934114,ETHUSDT,3904.06000000,0.00080000
1761315934115,ETHUSDT,3904.06000000,0.00060000
1761315934115,ETHUSDT,3904.06000000,0.00140000
1761315934115,ETHUSDT,3904.06000000,0.00060000
1761315934115,ETHUSDT,3904.06000000,0.00080000
1761315934115,ETHUSDT,3904.06000000,0.00140000
1761315934115,ETHUSDT,3904.06000000,0.00040000
1761315934116,ETHUSDT,3904.06000000,0.00100000
1761315934116,ETHUSDT,3904.06000000,0.00140000
1761315934116,ETHUSDT,3904.06000000,0.00020000
1761315934116,ETHUSDT,3904.06000000,0.00120000
1761315934116,ETHUSDT,3904.06000000,0.00140000
1761315934117,ETHUSDT,3904.06000000,0.00140000
1761315934117,ETHUSDT,3904.06000000,0.00140000
1761315934117,ETHUSDT,3904.06000000,0.00140000
1761315934117,ETHUSDT,3904.06000000,0.00140000
1761315934117,ETHUSDT,3904.06000000,0.00140000
1761315934117,ETHUSDT,3904.06000000,0.00140000
1761315934117,ETHUSDT,3904.06000000,0.00140000
1761315934117,ETHUSDT,3904.06000000,0.00140000
1761315934117,ETHUSDT,3904.06000000,0.00140000
1761315934117,ETHUSDT,3904.06000000,0.00140000
1761315934117,ETHUSDT,3904.06000000,0.00140000
1761315934117,ETHUSDT,3904.06000000,0.00140000
1761315934117,ETHUSDT,3904.06000000,0.00150000
1761315934117,ETHUSDT,3904.07000000,0.00140000
1761315934117,ETHUSDT,3904.07000000,0.00140000
1761315934117,ETHUSDT,3904.07000000,0.00140000
1761315934117,ETHUSDT,3904.07000000,0.00140000
1761315934117,ETHUSDT,3904.07000000,0.00140000
1761315934117,ETHUSDT,3904.07000000,0.00140000
1761315934117,ETHUSDT,3904.07000000,0.00140000
1761315934117,ETHUSDT,3904.07000000,0.00140000
1761315934117,ETHUSDT,3904.07000000,0.00140000
1761315934117,ETHUSDT,3904.07000000,0.00140000
1761315934117,ETHUSDT,3904.07000000,0.00140000
1761315934117,ETHUSDT,3904.07000000,0.00140000
1761315934117,ETHUSDT,3904.07000000,0.00140000
1761315934117,ETHUSDT,3904.08000000,0.00140000
1761315934117,ETHUSDT,3904.08000000,0.00140000
1761315934117,ETHUSDT,3904.12000000,0.00130000
1761315934117,ETHUSDT,3904.12000000,0.00130000
1761315934117,ETHUSDT,3904.12000000,0.00160000
1761315934117,ETHUSDT,3904.12000000,0.00140000
1761315934117,ETHUSDT,3904.12000000,0.00260000
1761315934117,ETHUSDT,3904.14000000,0.00140000
1761315934117,ETHUSDT,3904.19000000,0.00140000
1761315934117,ETHUSDT,3904.20000000,0.00040000
1761315934158,ETHUSDT,3904.20000000,0.00100000
1761315934158,ETHUSDT,3904.20000000,0.00140000
1761315934158,ETHUSDT,3904.20000000,0.00140000
1761315934158,ETHUSDT,3904.20000000,0.00140000
1761315934158,ETHUSDT,3904.20000000,0.32260000
1761315934176,ETHUSDT,3904.20000000,0.00140000
1761315934176,ETHUSDT,3904.20000000,0.00140000
1761315934176,ETHUSDT,3904.20000000,0.00140000
1761315934176,ETHUSDT,3904.20000000,0.00140000
1761315934176,ETHUSDT,3904.20000000,0.00140000
1761315934176,ETHUSDT,3904.20000000,0.00140000
1761315934176,ETHUSDT,3904.20000000,0.00140000
1761315934176,ETHUSDT,3904.20000000,0.00140000
1761315934176,ETHUSDT,3904.20000000,0.00140000
1761315934176,ETHUSDT,3904.20000000,0.00140000
1761315934194,ETHUSDT,3904.21000000,0.00140000
1761315934194,ETHUSDT,3904.21000000,0.00140000
1761315934194,ETHUSDT,3904.21000000,0.00140000
1761315934194,ETHUSDT,3904.21000000,0.00140000
1761315934194,ETHUSDT,3904.21000000,0.00140000
1761315934194,ETHUSDT,3904.21000000,0.00140000
1761315934194,ETHUSDT,3904.21000000,0.00140000
1761315934194,ETHUSDT,3904.21000000,0.00140000
1761315934194,ETHUSDT,3904.21000000,0.00140000
1761315934194,ETHUSDT,3904.21000000,0.00140000
1761315934194,ETHUSDT,3904.21000000,0.00140000
1761315934194,ETHUSDT,3904.21000000,0.00140000
1761315934194,ETHUSDT,3904.21000000,0.00260000
1761315934194,ETHUSDT,3904.21000000,0.00140000
1761315934194,ETHUSDT,3904.21000000,0.00140000
1761315934194,ETHUSDT,3904.21000000,0.00140000
1761315934194,ETHUSDT,3904.21000000,0.00140000
1761315934194,ETHUSDT,3904.21000000,0.00140000
1761315934194,ETHUSDT,3904.21000000,0.00140000
1761315934194,ETHUSDT,3904.21000000,0.00140000
1761315934194,ETHUSDT,3904.21000000,0.00140000
1761315934194,ETHUSDT,3904.21000000,0.00140000
1761315934194,ETHUSDT,3904.21000000,0.00140000
1761315934194,ETHUSDT,3904.21000000,0.00140000
1761315934194,ETHUSDT,3904.21000000,0.00140000
1761315934194,ETHUSDT,3904.21000000,0.00140000
1761315934207,ETHUSDT,3904.22000000,0.00140000
1761315934207,ETHUSDT,3904.22000000,0.00140000
1761315934207,ETHUSDT,3904.22000000,0.00140000
1761315934207,ETHUSDT,3904.22000000,0.00140000
1761315934207,ETHUSDT,3904.22000000,0.00140000
1761315934207,ETHUSDT,3904.22000000,0.00140000
1761315934207,ETHUSDT,3904.22000000,0.00140000
1761315934207,ETHUSDT,3904.22000000,0.00140000
1761315934207,ETHUSDT,3904.22000000,0.00140000
1761315934207,ETHUSDT,3904.22000000,0.00140000
1761315934207,ETHUSDT,3904.22000000,0.00140000
1761315934207,ETHUSDT,3904.22000000,0.00140000
1761315934207,ETHUSDT,3904.22000000,0.00140000
1761315934207,ETHUSDT,3904.22000000,0.00140000
1761315934207,ETHUSDT,3904.22000000,0.00140000
1761315934207,ETHUSDT,3904.22000000,0.00140000
1761315934207,ETHUSDT,3904.22000000,0.00140000
1761315934207,ETHUSDT,3904.22000000,0.00140000
1761315934207,ETHUSDT,3904.22000000,0.00140000
1761315934207,ETHUSDT,3904.22000000,0.00140000
1761315934207,ETHUSDT,3904.22000000,0.00140000
1761315934207,ETHUSDT,3904.22000000,0.00140000
1761315934207,ETHUSDT,3904.22000000,0.00140000
1761315934207,ETHUSDT,3904.22000000,0.00140000
1761315934207,ETHUSDT,3904.22000000,0.00140000
1761315934214,ETHUSDT,3904.23000000,0.00140000
1761315934214,ETHUSDT,3904.23000000,0.00130000
1761315934222,ETHUSDT,3904.23000000,0.00010000
1761315934222,ETHUSDT,3904.23000000,0.00140000
1761315934222,ETHUSDT,3904.23000000,0.00140000
1761315934222,ETHUSDT,3904.23000000,0.00140000
1761315934222,ETHUSDT,3904.23000000,0.00140000
1761315934222,ETHUSDT,3904.23000000,0.00140000
1761315934222,ETHUSDT,3904.23000000,0.00140000
1761315934222,ETHUSDT,3904.23000000,0.00140000
1761315934222,ETHUSDT,3904.23000000,0.00140000
1761315934222,ETHUSDT,3904.23000000,0.00140000
1761315934222,ETHUSDT,3904.23000000,0.00140000
1761315934222,ETHUSDT,3904.23000000,0.00140000
1761315934222,ETHUSDT,3904.23000000,0.00140000
1761315934222,ETHUSDT,3904.23000000,0.00140000
1761315934222,ETHUSDT,3904.23000000,0.00140000
1761315934222,ETHUSDT,3904.23000000,0.00140000
1761315934222,ETHUSDT,3904.23000000,0.00140000
1761315934222,ETHUSDT,3904.23000000,0.00140000
1761315934222,ETHUSDT,3904.23000000,0.00140000
1761315934222,ETHUSDT,3904.23000000,0.00140000
1761315934222,ETHUSDT,3904.23000000,0.00140000
1761315934222,ETHUSDT,3904.23000000,0.00140000
1761315934222,ETHUSDT,3904.23000000,0.00140000
1761315934222,ETHUSDT,3904.23000000,0.00140000
1761315934222,ETHUSDT,3904.23000000,0.00140000
1761315934222,ETHUSDT,3904.23000000,0.00150000
1761315934222,ETHUSDT,3904.23000000,0.00150000
1761315934222,ETHUSDT,3904.24000000,0.00140000
1761315934222,ETHUSDT,3904.24000000,0.00140000
1761315934222,ETHUSDT,3904.24000000,0.00140000
1761315934222,ETHUSDT,3904.24000000,0.00140000
1761315934222,ETHUSDT,3904.24000000,0.00140000
1761315934222,ETHUSDT,3904.24000000,0.00140000
1761315934222,ETHUSDT,3904.24000000,0.00140000
1761315934222,ETHUSDT,3904.24000000,0.00140000
